7350 12967
288 8624 374 8702 106
467 8616 625 8727 Disput.
638 8614 666 8699 Ι.
695 8610 1102 8710 DeviouMone

484 8782 501 8828 §-
522 8780 555 8819 11.

312 8876 356 8908 Pars
364 8865 481 8919 affirmativa
489 8869 585 8925 prefertur
592 8898 597 8913 ‚
604 8871 626 8918 ἀ
633 8869 718 8926 fhlct'tar.

333 8975 465 9020 Efolvendum
478 9006 483 9023 ,
495 8978 551 9032 quod
562 8978 686 9020 intenfiffima
699 8979 745 9020 cali-

332 9038 382 9077 ditas
398 9034 460 9077 subito
473 9034 569 9075 resoluens
583 9034 658 9092 spiritus
672 9038 748 9085 vitales,

287 9093 353 9149 potest
367 9108 401 9147 per
411 9094 503 9135 accidens
516 9090 555 9133 effe
568 9094 625 9137 causa
639 9097 706 9137 mortis
718 9109 749 9135 re-

290 9164 381 9206 pentrnx.

319 9212 414 9250 Probatur
422 9203 496 9262 primb.
520 9211 574 9249 Tum
584 9222 609 9247 ex
623 9211 751 9251 variiscaulis

288 9263 408 9319 affignarisa
422 9265 501 9307 Galcno
513 9295 518 9310 ‚
529 9266 540 9308 a
550 9265 622 9320 quibus
632 9267 689 9307 calidi
698 9283 752 9309 mor·

289 9322 308 9363 bi
319 9328 339 9363 ἃ
351 9337 401 9362 mors
414 9319 493 9378 pellunt
504 9322 632 9379 subl'equi,in
643 9325 752 9365 [laderar-

283 9378 310 9432 fis
323 9383 434 9425 morborum,
446 9385 468 9428 ψ
477 9382 506 9422 tib.
514 9383 536 9421 de
543 9380 610 9436 synape.
617 9383 671 9436 trufis
680 9414 684 9426 ,
693 9398 751 9439 ηιμ.

756 8749 776 8791 Α
789 8747 885 8815 periturus
895 8747 1000 8789 Daeclalurn
1010 8751 1032 8788 in
1043 8747 1125 8789 Siciliam
1133 8745 1245 8801 fugientem

788 8804 908 8846 aCaracoto
917 8806 976 8859 Rege
987 8804 1052 8847 Siculo
1065 8809 1084 8847 in
1097 8805 1169 8846 balneis
1180 8818 1246 8858 recep-

787 8876 818 8904 tus
828 8894 834 8911 ,
848 8865 910 8903 nimio
923 8861 970 8903 aestu
981 8860 1045 8903 subito
1059 8866 1157 8905 extinctus
1167 8861 1216 8908 fuit,
1226 8877 1247 8904 ur

788 8933 841 8961 tenet
853 8922 955 8962 Diodorus
970 8920 1000 8962 lib.
1007 8939 1027 8973 4.
1038 8935 1076 8974 cap.
1087 8939 1092 8962 1
1099 8938 1116 8972 3.
1134 8917 1246 8974 Ergoaui-

787 8980 829 9017 mio
841 8977 906 9018 calore
919 8975 1009 9018 resolutis
1016 8976 1081 9020 tubiro
1097 8976 1203 9034 spiritibus,
1212 8991 1246 9031 po-

790 9035 825 9076 test
834 9038 938 9090 repentina
944 9050 996 9076 mors
1004 9033 1100 9092 subsequi.

808 9093 903 9134 Probatur
911 9092 993 9149 quarto:
1002 9096 1083 9150 Spiritus
1090 9090 1155 9133 vitales
1164 9105 1206 9152 non
1216 9089 1246 9131 so-

789 9147 831 9194 litm
841 9151 919 9206 potsunt
930 9152 954 9191 ab
965 9154 1077 9193 excedente
1089 9151 1153 9191 calore
1164 9146 1248 9189 luffoca-

789 9211 819 9253 ri,
830 9207 863 9249 sed
871 9222 907 9263 per
918 9224 984 9250 cntern
998 9213 1054 9250 nimis
1067 9220 1173 9249 arraratam
1182 9204 1247 9247 lubitb

790 9264 859 9307 resolvi
875 9284 879 9305 :
896 9269 949 9321 Ergo
963 9274 983 9309 &
995 9282 1047 9308 mors
1063 9266 1167 9322 repemina
1180 9264 1247 9305 subfe-

791 9326 826 9379 qui
834 9338 860 9364 ex
868 9327 929 9365 nimio
936 9324 1008 9366 calore.
1024 9329 1079 9367 Patet
1088 9322 1207 9364 antecedens
1215 9338 1248 9363 er·

791 9383 888 9437 periential
900 9386 921 9422 in
934 9386 1019 9437 gaudio,
1032 9389 1053 9426 &
1066 9385 1086 9422 iu
1094 9380 1182 9421 febribus
1192 9381 1246 9421 colli-

289 9439 350 9479 lrbde
360 9440 379 9477 ar
393 9439 417 9478 tr.
428 9439 475 9493 febr.
486 9454 522 9494 cap.
531 9459 551 9493 4.
558 9443 580 9488 (7
590 9440 619 9480 lab.
626 9441 648 9479 de
655 9440 751 9498 prafirgat.
766 9474 781 9513 B
791 9440 909 9495 quantibus,
923 9444 942 9481 in
957 9442 1030 9496 quibus
1040 9442 1066 9482 ab
1075 9442 1152 9479 interno
1161 9436 1248 9493 astulpi-

289 9512 313 9536 ex
318 9496 399 9550 prlfibus
407 9528 412 9542 ‚
420 9503 479 9552 ΜΝ.
499 9501 552 9539 Turn
565 9512 616 9554 patet
624 9512 648 9538 ex
656 9504 751 9555 agendis:
793 9501 839 9538 ritus
851 9500 943 9546 arrarati‚
951 9506 970 9541 br
980 9501 1082 9540 exrenuati
1093 9511 1127 9554 per
1138 9508 1206 9536 cutem
1217 9511 1248 9537 ar·

290 9556 434 9597 immoderatus
445 9556 512 9596 localis
522 9571 598 9604 motus,
606 9556 707 9614 praecipue
717 9572 752 9614 per
792 9568 887 9602 tamtam,
898 9553 961 9597 subirb
973 9552 1133 9604 rofoluuutun&
1141 9567 1194 9595 mors
1201 9568 1248 9610 pro-

289 9611 334 9653 loca
344 9614 441 9661 declivia,
450 9617 471 9653 &
485 9612 558 9670 petrola
566 9647 571 9664 ‚
580 9617 640 9653 nimia
652 9620 752 9658 exercita·
793 9626 923 9669 properanter
934 9616 1010 9655 accidit.

289 9673 330 9718 tio,
338 9683 388 9712 cura:
400 9703 405 9720 ,
420 9671 564 9719 solicitudines,
574 9671 645 9726 vigiliae
656 9674 722 9715 ualent
731 9681 752 9717 bl

290 9725 356 9782 febres
370 9730 497 9776 accendere,
513 9733 632 9769 &mortem
649 9732 771 9773 induceres
979 9716 995 9762 ἕ·
1025 9712 1078 9753 ΙΙΙ·

291 9787 345 9855 Tum
356 9800 402 9850 ,W
414 9786 440 9827 2d
456 9800 510 9828 emm
524 9800 560 9825 ¹¹⁰⁵
575 9799 694 9853 caffesfffil'f
708 9818 713 9836 ³
731 9806 752 9831 Ul
816 9811 922 9863 proponitur
929 9805 996 9863 solutio
1003 9821 1037 9864 pro
1044 9807 1107 9865 postris
1114 9812 1229 9864 argumentis.

290 9856 324 9884 aer
339 9858 397 9883 ninus·
416 9842 522 9890 aestuosus,
538 9842 616 9884 exustio
632 9858 681 9900 ignis
696 9878 701 9894 ,
718 9861 753 9888 aut

289 9897 332 9941 solis
346 9931 352 9946 ,
371 9899 535 9957 hypocaustum‚
561 9900 643 9942 fervens
658 9904 753 9947 balneum
844 9909 864 9947 D
881 9911 968 9964 primum
980 9903 1126 9961 respondetur,
1139 9905 1196 9959 quod
1202 9921 1249 9947 con-

290 9959 343 9999 idem
358 9959 504 10015 comprobant,
517 9973 604 10014 quorum
614 9960 666 10002 calor
679 9964 699 10003 in
707 9978 751 10004 cor·
793 9912 947 10012 Arrariorum
957 9966 1057 10007 contraria
1068 9963 1111 10005 sunt
1124 9967 1249 10017 proprietates

290 10015 316 10056 de
329 10045 335 10062 ,
348 10023 368 10058 δι
384 10021 458 10059 arteriis
472 10018 524 10059 vaiet
542 10014 619 10073 spiritus
635 10021 752 10072 accendere,
792 10021 816 10062 ab
828 10025 855 10062 eis
871 10026 1020 10079 provenientes,
1035 10035 1079 10076 quat
1091 10021 1250 10076 competuntillis

292 10077 313 10114 δι
325 10072 420 10115 resolvere
432 10072 500 10116 l'ubitb.
520 10081 575 10118 Tum
583 10078 714 10130 comprobant
723 10081 751 10120 in·
792 10077 931 10134 perfe‚non
948 10097 983 10138 per
999 10082 1110 10122 accidens:
1130 10078 1184 10121 calor
1196 10082 1250 10120 enim

292 10145 353 10172 ternae
367 10129 428 10173 causac
442 10165 447 10181 ,
464 10135 527 10188 qualis
539 10133 569 10174 cst
582 10136 647 10188 quivis
661 10134 751 10179 fervidus
792 10140 827 10191 qui
836 10141 949 10181 moderatus
959 10154 995 10181 not
1010 10138 1105 10182 vivificat,
1115 10150 1150 10191 per
1158 10139 1250 10178 accidens

293 10188 383 10235 humor,
398 10192 488 10245 putridus
499 10223 505 10240 ,
518 10191 568 10233 ustus
579 10222 584 10237 ,
597 10206 644 10231 curn
657 10192 752 10248 pestilen‘
792 10197 931 10238 immoderatus
944 10195 1078 10242 nosrefolvit,
1088 10201 1108 10238 &
1118 10194 1204 10240 occidi&
1215 10199 1250 10236 im·

293 10260 329 10294 tc,
348 10262 382 10287 aur
404 10249 492 10302 maligna
505 10249 598 10305 qualitate
611 10279 616 10297 ,
629 10263 662 10291 aut
683 10252 752 10301 ustiva,
792 10251 827 10293 mb
840 10251 911 10309 &ipse
925 10256 1036 10295 moderatus
1047 10253 1118 10298 calor,
1134 10255 1168 10292 cui
1183 10265 1219 10307 per
1230 10250 1251 10294 se

293 10305 354 10358 qualis
362 10304 390 10344 est
402 10306 489 10348 caliditas
498 10321 539 10348 orta
551 10308 576 10348 ab
584 10321 624 10348 atra
633 10306 669 10347 bile
680 10340 686 10357 ,
702 10325 751 10351 atru-
791 10316 887 10368 comperit
898 10311 1022 10357 calefacere,
1032 10308 1179 10366 pertendens>
1191 10323 1251 10365 Pr0⁰t

295 10360 409 10421 ginol'a,aut
419 10364 512 10405 caerulca:
522 10361 624 10418 Ergosunt
634 10365 753 10420 plurescau-
792 10368 820 10409 eft
834 10372 946 10412 moderatus
960 10402 966 10419 ,
981 10383 1014 10410 aut
1032 10368 1192 10415 immoderatus,
1213 10383 1250 10409 nos

293 10423 317 10459 la:
329 10422 393 10461 calidae
407 10435 497 10476 porentes
510 10419 585 10478 spiritus
596 10419 703 10466 resolvere.
791 10425 906 10470 conservare
914 10459 919 10475 ‚
927 10433 1081 10483 &corrumpere
1091 10424 1148 10468 valet.

325 10476 517 10521 Probaturfecundb
530 10501 534 10522 ;
550 10482 633 10536 Spiritus
642 10482 708 10523 vitales
718 10479 752 10524 fua
786 10482 789 10486 ’
821 10487 855 10527 Ad
865 10485 975 10528 fecundum
983 10483 1113 10541 respondetur
1122 10513 1128 10530 ,
1138 10483 1194 10538 quod
1204 10498 1252 10525 cou-

295 10538 392 10575 tenuitate
409 10534 428 10577 fe
444 10537 519 10579 habent
535 10540 562 10579 ad
579 10537 689 10593 quemlibet
699 10540 753 10582 calo·
792 10541 874 10584 servatio
885 10542 906 10584 fir
923 10543 934 10585 l
948 10544 1001 10584 simili
1015 10547 1034 10583 in
1049 10542 1129 10597 gradu,
1142 10547 1163 10581 bt
1180 10538 1251 10597 specim

296 10606 338 10632 rem
352 10593 475 10635 intensiorem
490 10598 627 10651 recipiendum
644 10596 691 10638 licut
704 10600 753 10641 lam·
793 10604 814 10640 &
826 10602 883 10657 quod
896 10600 942 10643 licet
954 10602 1007 10642 calor
1018 10597 1106 10641 intensus
1121 10598 1142 10639 sit
1155 10600 1252 10643 temiffiori

296 10651 353 10705 padis
363 10649 442 10692 flamma
451 10654 475 10692 ad
483 10655 532 10707 ignit
539 10654 639 10693 calorem:
653 10657 688 10695 Seu‘
699 10655 753 10698 flam·
792 10657 855 10700 similis
869 10663 889 10701 in
905 10659 987 10715 specie,
1007 10671 1130 10699 nontamen
1144 10659 1166 10696 in
1182 10662 1252 10712 gradui

296 10721 329 10748 ma
338 10708 432 10763 lampadis
445 10714 470 10750 ab
482 10713 568 10751 nteriori
579 10714 630 10765 iguis
642 10714 706 10753 calore
718 10728 751 10754 ac·
794 10721 813 10756 ἃ
823 10719 871 10758 ideo
883 10721 984 10773 proprium
1002 10714 1118 10758 resolvendo
1133 10711 1249 10770 subjectum,

295 10779 356 10820 cepto
375 10766 439 10809 lubitb
460 10765 578 10809 resolvitur:
598 10771 651 10823 Ergo
666 10769 753 10812 limiiitet

295 10819 371 10878 spiritus
382 10823 468 10866 vuueri
480 10824 603 10881 superaddito
614 10828 714 10870 intentiori
721 10843 751 10869 ca·
764 10817 785 10857 D

296 10879 339 10921 lore
351 10879 429 10937 pellunt
442 10881 506 10923 subito
520 10881 587 10924 refolvi
602 10912 608 10929 ,
624 10888 644 10925 b:
657 10900 709 10926 mors
721 10901 751 10927 re·

298 10943 378 10993 pentina
388 10937 452 10982 subitb
465 10939 555 10998 lubfequi
564 10956 589 10981 cx
600 10942 681 10985 defeclu
690 10945 754 10985 vitalis

299 10997 373 11037 caloris.

326 11056 422 11097 Probatur
433 11054 493 11098 testib
508 11071 532 11097 ex
542 11055 711 11101 obferuationibus
723 11075 757 11101 co-

298 11126 354 11159 tum,
368 11116 403 11168 qui
418 11116 480 11154 nimio
492 11114 538 11157 :estu
550 11114 614 11157 subitb
626 11121 698 11159 mortui
707 11116 756 11161 funt.

298 11169 398 11223 Fulgofus
407 11173 436 11212 ab.
444 11188 461 11222 92
471 11185 509 11228 cap.
519 11191 546 11215 rr·
559 11172 618 11216 refert
629 11176 685 11231 quod
700 11178 757 11232 apud

300 11228 370 11268 urbem
382 11227 507 11272 Meldensern
523 11233 543 11272 in
554 11231 633 11279 Gallia,
649 11232 714 11276 mense
723 11233 757 11282 lu.

300 11281 343 11333 lio,
356 11292 423 11328 exiens
435 11289 460 11329 ad
471 11302 560 11344 pugnarn
575 11286 609 11330 sub
621 11288 658 11332 sole
667 11294 757 11347 Mango.

300 11357 331 11382 tus
342 11371 347 11387 ›
360 11342 371 11385 ὲ
384 11348 443 11387 uirnio
454 11346 519 11387 calore
529 11344 593 11388 subito
606 11345 692 11391 resolutis
704 11348 758 11406 fpiri-

300 11400 351 11441 tibus
365 11405 462 11445 crura-rs
473 11402 514 11445 fuir.
536 11406 605 11446 Suidas
615 11408 758 11464 narrat‚quod

300 11459 368 11501 Fausta
379 11460 502 11502 Constantini
518 11475 581 11511 uxor,
597 11462 667 11504 balneo
678 11463 757 11507 fervido

299 11522 433 11570 approximura
444 11549 449 11566 ‚
462 11519 546 11574 repente
556 11520 604 11563 obiit
615 11551 621 11568 ,
631 11522 657 11563 ab
667 11523 711 11577 ejus
723 11539 756 11565 ca·
770 11511 785 11551 E

298 11570 341 11613 lore
358 11576 443 11617 resolutis
459 11576 563 11633 spiritibus.
592 11580 680 11623 Laenius
697 11581 727 11621 lib.
742 11598 757 11622 1.

300 11643 373 11684 capro.
388 11633 451 11678 refert
463 11638 519 11691 quod
528 11636 606 11679 Thales
614 11637 700 11680 Milesius
709 11637 757 11680 Eum

299 11685 395 11743 spedaret
410 11691 466 11734 ludos
483 11698 586 11750 gymnicos
599 11692 711 11751 olympiade
726 11715 759 11752 54.

300 11745 348 11787 aestu
359 11747 461 11792 suffocatus
476 11752 556 11807 repente
569 11752 624 11794 obiit·
643 11756 697 11797 Nico
708 11771 759 11812 pau-

238 11809 240 11811 ’
300 11809 386 11859 perrima
403 11807 473 11849 mulier
486 11810 580 11866 colligens
600 11808 658 11867 spicas
674 11816 694 11853 in
709 11812 758 11856 astu

298 11862 344 11903 solis
358 11864 440 11920 repente
452 11870 538 11909 exunat
550 11869 611 11914 obiit,
623 11868 717 11926 spiritibus
727 11888 757 11913 re·

298 11919 369 11963 solutis
391 11923 479 11979 Tyrillus
493 11941 570 11975 narrat,
584 11942 664 11969 nautam
676 11943 757 11986 tempo·

298 11993 320 12019 re
336 11980 404 12023 aestivo
423 11985 443 12023 in
462 11997 539 12023 carcere
554 11984 671 12030 ,conclusum
690 12002 757 12044 angu-

297 12036 388 12087 stiffimo,
400 12052 426 12080 ex
442 12040 504 12081 nimio
517 12041 582 12082 calore
600 12044 682 12098 repente
699 12062 756 12088 mor-

296 12111 354 12139 tuum
365 12094 425 12140 fuill'e.
447 12102 516 12143 Minos
531 12104 575 12143 Rex
589 12101 715 12147 Cretenlium
724 12121 756 12148 re-

792 10776 843 10817 valer
853 10777 902 10817 illud
915 10789 1048 10832 corrumpere.

821 10837 855 10876 Ad
868 10836 948 10875 tertium
958 10832 1099 10889 respondetur,
1115 10831 1172 10885 quod
1180 10830 1235 10871 calor
1244 10862 1251 10879 ,

793 10894 829 10946 qui
845 10892 872 10933 cst
891 10895 1008 10947 principium
1025 10894 1068 10930 virae
1079 10895 1100 10932 b:
1112 10891 1252 10943 operationum

793 10949 965 10999 naturalium,eft
981 10950 1113 10995 moderatus,
1130 10951 1149 10986 b:
1165 10947 1253 10988 naturalis

795 11008 859 11051 caiorr
875 11008 929 11049 calor
941 11006 989 11048 verb
1000 11009 1035 11062 qui
1047 11002 1252 11061 relblvitlpirirus,cst

794 11078 913 11115 extraneus,
922 11070 942 11106 bt
950 11068 994 11106 ideo
1002 11064 1054 11105 valet
1060 11068 1166 11104 contrarios
1172 11059 1253 11103 efflent

797 11124 913 11177 producere.
934 11128 1065 11179 Praeterquam
1074 11126 1129 11176 quod
1141 11121 1215 11161 etiamsi
1223 11117 1254 11160 ef-

795 11179 823 11221 fer
837 11184 888 11223 intra
908 11182 977 11225 limites
995 11179 1096 11222 naturales
1113 11208 1118 11225 ‚
1139 11176 1201 11234 pol-Ter
1219 11192 1253 11233 per

796 11234 816 11278 fe
828 11255 849 11281 ut
859 11241 950 11285 naturalis
958 11237 1109 11284 conservare&
1117 11251 1152 11292 per
1162 11238 1254 11279 accidens

797 11311 930 11356 corrumpere.

881 11462 1074 11511 Rusotvrro
1106 11464 1181 11509 XIX.

797 11569 879 11614 Utrum
888 11560 994 11626 frigiditas
1009 11551 1161 11630 extinguendo
1171 11560 1255 11631 spiritus

827 11630 891 11707 perlit
899 11631 1006 11683 effetaufa
1013 11642 1089 11684 mortis
1096 11640 1223 11706 repentinae.

1001 11749 1019 11793 ᾗ,
1046 11746 1060 11785 Ι.

833 11841 944 11893 'Proponitar
951 11850 995 11893 pars
1002 11840 1093 11894 negativa
1099 11868 1104 11882 ‚
1110 11837 1132 11885 ἀ
1136 11833 1221 11890 fhlcitur·

849 11929 917 11971 lcietur
928 11933 984 11987 quod
997 11944 1039 11972 non
1052 11948 1056 11970 :
1070 11928 1088 11971 fi„
1098 11930 1151 11970 enim
1163 11924 1256 11985 ingentis·

847 11987 894 12030 fima
905 11989 999 12045 frigiditas
1008 11985 1056 12029 effer
1065 11987 1122 12030 causa
1130 11990 1204 12036 mortis,
1211 11985 1257 12029 nul·

796 12046 810 12088 li
824 12047 929 12088 homiuum
940 12046 1016 12101 poffenr
1031 12045 1122 12088 babitare
1136 12051 1156 12088 in
1170 12046 1257 12101 regioni-

794 12105 832 12148 bus
844 12103 923 12148 summe
933 12105 1009 12162 frigidis
1023 12124 1028 12146 ι
1044 12107 1083 12148 Sed
1090 12106 1157 12165 plures
1166 12105 1256 12146 homines

1167 12164 1258 12207 habitant,
