7350 12967
293 8555 379 8641 228
481 8542 664 8655 ‘Disput
681 8538 762 8628 ΙΙΙ.
788 8539 1057 8630 Miscellanea

289 8679 429 8735 phlebotomia
443 8675 558 8721 inferiorum
574 8678 659 8733 partium
673 8695 678 8717 ι
692 8674 748 8731 Ergo
756 8680 777 8719 A
785 8677 806 8716 in
821 8686 877 8729 parte
888 8678 898 8723 ,’
905 8673 932 8714 ad
940 8675 988 8729 ejus
999 8669 1151 8714 evacuationem
1165 8678 1191 8706 ex
1203 8665 1248 8713 bra:

292 8738 357 8793 potilts
366 8738 392 8779 ad
401 8736 455 8778 illam
464 8740 485 8777 in
496 8734 579 8775 brachio
590 8737 644 8789 cogit
656 8737 676 8774 δί
692 8747 750 8789 urget
787 8731 836 8774 elsio
847 8728 964 8787 sauguinem
974 8732 1075 8772 mittimus.
1087 8727 1143 8767 Tum
1159 8739 1196 8780 pto
1206 8741 1248 8770 tet-

266 8854 268 8857 .
292 8794 399 8837 neceffitaa
423 8797 477 8836 Tum
489 8794 536 8847 quia
548 8792 642 8833 Medicus
652 8790 750 8833 estimita-
787 8792 815 8832 tia
833 8787 982 8845 respondetur,
1000 8788 1057 8843 quod
1073 8782 1247 8837 sanguinismiffio

294 8864 431 8895 tornaturae:
447 8850 485 8892 Sed
494 8849 525 8889 illa
534 8876 540 8895 ,
549 8848 667 8904 lochiisjam
676 8845 752 8891 sursum
788 8860 814 8887 cx
828 8846 867 8888 talo
880 8846 938 8901 aque
950 8859 1032 8888 evacuat
1044 8840 1192 8899 plenitudinem
1204 8854 1249 8895 par.

294 8910 380 8960 delatis,
392 8913 411 8950 in
433 8908 533 8963 puerperis
550 8904 594 8950 fele
611 8904 689 8962 semper
705 8922 752 8949 teu·
790 8907 841 8945 tium
858 8904 999 8950 infernarum,
1012 8901 1061 8943 sieut
1076 8897 1137 8942 millio
1150 8895 1248 8953 sanguinis

295 8983 325 9011 tat
340 8967 490 9012 evacuationem
502 8977 536 9020 pet
549 8961 630 9006 sudores
639 8995 645 9013 ,
654 8976 689 9019 per
701 8979 753 9021 quos
790 8974 818 9002 ex
835 8960 917 9003 brachio
931 8960 1075 9018 plenitudinem
1094 8956 1181 9011 partium
1191 8953 1249 9011 supe·¹

295 9026 395 9084 pleraque
422 9021 531 9065 liberantur
549 9025 628 9078 :Ergo
654 9019 697 9076 ipfis
718 9023 753 9064 fir·
791 9015 1105 9067 notumaeideodumlochia
1120 9010 1196 9055 faciunt
1209 9013 1249 9067 ple.

297 9087 352 9142 matis
364 9112 370 9130 ‚
384 9081 488 9124 evacuao'o
506 9079 532 9122 ab
551 9094 593 9124 arte
615 9076 688 9121 surium
704 9083 754 9136 petit
791 9077 904 9121 nitudinem
916 9080 936 9119 in
948 9090 1020 9122 utero,
1031 9075 1126 9115 mittimus
1135 9068 1249 9126 sanguinem

294 9142 371 9188 tentari·
791 9148 817 9175 ex
830 9135 895 9189 pedet
910 9136 962 9177 dum
974 9133 1029 9174 illam
1039 9130 1114 9172 faciunt
1127 9128 1149 9168 in
1163 9128 1251 9183 partibus

791 9190 921 9247 superioribus
931 9224 937 9242 ‚
946 9207 971 9234 ex
988 9189 1074 9235 brachiis
1090 9187 1192 9230 haurimus
1207 9183 1249 9227 sau-

498 9240 518 9287 5‘
539 9237 582 9279 IV·
794 9252 882 9305 guinem.
1243 9269 1244 9272 ,

825 9308 859 9349 Ad
871 9308 980 9351 secundum
992 9302 1119 9361 respondetur
1129 9330 1134 9347 ,
1146 9301 1203 9357 quod
1219 9306 1250 9341 tt-v

794 9367 891 9408 currimus
903 9367 930 9408 ad
943 9366 1019 9406 initium
1030 9359 1090 9402 caulae
1101 9360 1168 9407 ‚dum
1182 9363 1203 9399 in
1215 9358 1249 9400 illo

350 9435 372 9476 D
382 9433 486 9489 opiniones
499 9433 604 9473 contrarias
621 9427 756 9484 respondetur:
794 9425 851 9465 initio
858 9422 960 9481 supetlluit
969 9417 1040 9463 causas
1048 9415 1082 9460 sed
1089 9417 1137 9457 dum
1146 9416 1179 9458 illa
1188 9430 1250 9458 muta-

352 9492 407 9533 Tum
421 9489 602 9547 proptima,quod
613 9484 690 9543 sumpti
706 9485 757 9527 indi-
795 9495 815 9522 ta
824 9479 854 9521 est
863 9484 884 9523 in
896 9493 971 9537 partem
983 9477 1118 9533 superiorem,
1132 9477 1251 9525 recurrimus

300 9552 378 9592 catione
390 9546 402 9589 a
417 9545 550 9603 pame,iqua
562 9543 652 9587 fluebant
663 9543 757 9585 lochiain
794 9539 820 9580 ad
834 9541 983 9581 evacuationem
994 9549 1030 9590 pet
1042 9546 1133 9589 partem,
1143 9546 1179 9587 pet
1190 9546 1252 9587 quam

302 9608 400 9665 Stymatgi
414 9603 495 9655 ⁴famula
508 9636 514 9654 ‚
527 9604 551 9646 ab
565 9617 623 9645 utero
645 9599 717 9642 seilicet
736 9603 757 9640 in
795 9586 1263 9653 potestmagiscommodefietiderivatimaut⁴

236 9666 238 9671 ‘
301 9664 520 9723 pattessuperiotes‚in
530 9662 626 9717 ptincipio
640 9656 757 9715 praevalebat
795 9657 909 9697 evacuatio.

301 9725 395 9766 indicatio
409 9719 520 9762 revellendi
528 9720 553 9762 ad
566 9731 659 9763 uterum,
670 9718 706 9771 qui
716 9729 758 9757 erat
823 9712 859 9754 Ad
876 9715 954 9754 tertium
967 9707 1096 9765 respondetur
1109 9737 1115 9755 ,
1132 9704 1189 9759 quod
1206 9717 1252 9745 cum

302 9784 380 9823 initium
388 9778 439 9821 illius
451 9776 549 9820 flexionis.
559 9778 614 9817 Tum
623 9788 661 9831 pto
667 9773 760 9823 secunda,
796 9772 923 9826 Hippocrate
934 9767 1045 9810 revellimus
1050 9769 1070 9807 in
1081 9764 1172 9821 ptiuepio
1179 9792 1185 9810 ‚
1193 9774 1218 9801 ce
1225 9761 1253 9801 lo·

302 9838 360 9895 quod
371 9838 497 9893 inprincipio
510 9832 600 9891 tespedu
612 9832 700 9874 humoris
713 9844 758 9872 ver«
797 9828 844 9869 chia
858 9824 931 9869 sursum
946 9838 1046 9881 vergant:
1059 9824 1109 9864 dum
1117 9821 1158 9874 jam
1173 9832 1252 9872 recepta

302 9898 368 9953 gentis
382 9896 403 9936 in
410 9907 490 9936 uterum
499 9923 504 9941 ‚
514 9891 526 9934 ὲ
539 9892 592 9950 pede
601 9890 713 9933 mittendus
718 9886 760 9929 san·
798 9883 844 9926 sunt
851 9882 909 9941 supra
919 9915 925 9933 ,
939 9896 1059 9926 evacuamus
1069 9880 1125 9935 quod
1135 9878 1177 9933 jam
1185 9876 1253 9930 §imag

305 9957 350 10012 guis
364 9954 394 9998 :st
405 9964 471 9997 umen
482 9948 560 9994 surium
571 9960 658 10005 vergens
671 9946 761 9991 firmetur
800 9957 843 9986 tum
852 9944 874 9986 in
885 9956 941 10001 pane
947 9943 1017 9998 nequit
1023 9939 1098 9994 revelli-fl

296 9346 300 9391 g
310 9337 416 9394 tripartitur
417 9329 486 9389 [ilatio
491 9343 525 9388 pro
532 9327 744 9386 contrarilopt'mtibas.
765 9343 780 9385 B
