7350 12967
322 8565 406 8636 224
499 8539 764 8654 Disputlll.
803 8544 1065 8633 Miscellanea]

348 8666 446 8711 Probatur
457 8666 521 8723 primo
538 8684 563 8711 ex
576 8669 634 8712 variis
646 8668 777 8721 Autliotibus,
788 8682 805 8721 Α
815 8688 898 8727 mento,
909 8676 939 8719 alii
949 8675 1051 8717 sineomni
1062 8679 1175 8734 poturitam
1182 8690 1271 8732 pertran-

320 8721 435 8767 &Marcello
445 8730 525 8769 Donato
536 8726 586 8775 list.
597 8727 620 8766 de
630 8727 689 8783 histee.
697 8729 775 8770 mirabel.

320 8784 386 8834 capis.
398 8786 452 8825 Tum
463 8783 574 8825 Aristoteles
587 8782 672 8825 summus
685 8786 775 8828 Philoso-

321 8842 374 8892 piins
383 8855 423 8881 non
434 8841 552 8893 dedignatur
567 8841 707 8883 inextricabiles
722 8858 776 8898 quae-

321 8893 393 8937 stiones
404 8897 442 8938 fine
460 8895 557 8938 solutione
571 8897 695 8954 relinquere,
709 8898 777 8943 fateti-

321 8966 363 9007 que
374 8953 423 8994 ultra
436 8967 516 9007 captum
536 8955 622 8997 hominis
637 8956 711 9012 aliquas
733 8955 778 9000 effe:

323 9012 378 9064 Ergo
391 9008 435 9051 sunt
444 9009 508 9063 aliqua
515 9025 571 9066 ,quat
580 9027 605 9053 eii
614 9014 696 9055 occultis
706 9028 778 9070 prove.

328 9070 384 9108 niunt
393 9066 458 9107 causis.
466 9069 520 9109 Tum
532 9068 778 9127 Aphrodiseusmpmoemt'o

320 9123 402 9180 parilem.
416 9138 471 9165 tenet
480 9125 632 9175 Grammaticos,
640 9126 718 9171 Philoso
721 9131 778 9184 phos,

325 9182 444 9222 &Medicos
457 9178 504 9237 saepe
517 9186 593 9237 cugiut
604 9184 624 9224 in
638 9186 695 9227 rebus
709 9188 780 9242 incog-

324 9239 368 9279 nitis
378 9240 483 9280 admittant
493 9240 580 9281 occultas
592 9255 656 9283 rerum
672 9245 780 9298 proprieta-

323 9309 357 9334 tes·
368 9298 421 9337 Tum
432 9296 518 9339 Galenus
527 9297 559 9337 lib.
572 9297 661 9355 instmpl.
673 9301 780 9356 reprelien-

323 9354 353 9394 dit
365 9354 485 9410 Penelopem
498 9384 504 9401 ,
516 9358 552 9410 qui
567 9356 673 9398 conabatur
687 9360 779 9401 omnium
791 9367 806 9406 B

324 9424 391 9451 retum
402 9414 490 9452 invenire
502 9410 613 9453 manifestas
633 9411 702 9455 causas.
726 9419 780 9458 Tum

324 9468 430 9509 Avicenna
441 9468 500 9510 liade
514 9472 633 9511 medicamen.
645 9472 735 9514 cordialis.
748 9476 780 9513 in-

324 9527 369 9579 quit
381 9556 387 9574 ,
400 9528 456 9579 quod
466 9525 493 9566 est
505 9530 564 9569 vittus
577 9542 621 9583 quae
631 9544 672 9569 non
684 9529 747 9570 existit
759 9534 779 9571 in

325 9579 450 9637 dispositione
460 9583 589 9639 simplicium,
602 9591 622 9628 ὅ(
637 9600 678 9627 non
690 9587 779 9643 comple-

324 9653 356 9679 tur
371 9641 452 9693 quidem
461 9645 575 9696 praeparatio
585 9643 610 9681 ad
622 9657 665 9683 eam
675 9673 680 9689 ,
689 9644 725 9684 nisi
737 9645 780 9699 post

324 9699 488 9739 commixtionem
502 9699 618 9753 simplicium
627 9718 632 9744 5
640 9700 688 9742 sicut
694 9703 714 9740 in
727 9715 780 9757 mag·

324 9766 372 9792 nete
385 9752 414 9793 est
423 9756 482 9795 virttis
492 9757 591 9797 attradtiva
602 9755 647 9797 ferri
655 9789 660 9805 ,
667 9762 686 9798 ὅ(
699 9773 742 9800 non
753 9759 781 9801 est

325 9810 406 9851 inventa
418 9813 439 9851 in
453 9827 492 9853 una
502 9815 587 9854 duarum
604 9818 695 9856 virtutum
706 9829 731 9855 ex
742 9816 782 9859 ele-

326 9870 410 9915 mentis,
423 9869 456 9909 sed
469 9872 495 9911 ad
508 9884 562 9911 exera
575 9873 699 9914 emanatione
715 9875 783 9916 divina

327 9926 451 9977 procedente
464 9929 483 9966 in
495 9927 587 9968 omnibus
601 9929 673 9975 rebus,
685 9933 706 9970 bc
718 9945 783 9972 extra-

328 9982 390 10022 liente
413 9984 491 10024 cunetas
513 9987 594 10027 virtutes
619 9989 644 10027 de
658 9991 745 10041 potentia
763 9992 783 10030 in

814 8733 903 8780 fierunt,
916 8734 977 8775 &alii
988 8732 1057 8774 similes
1065 8738 1190 8791 operationes
1203 8736 1271 8776 edide-

815 8805 861 8831 runt
874 8818 880 8835 ,
892 8806 977 8847 quarum
995 8788 1049 8830 nulla
1064 8791 1155 8833 sensibilis
1172 8790 1271 8835 causarum

815 8850 904 8900 cognitio
913 8848 997 8889 sensibus
1008 8861 1097 8901 unquam
1109 8852 1199 8904 apparuit
1206 8866 1211 8887 :
1218 8850 1271 8903 Ergo

815 8907 863 8959 quia
880 8905 943 8960 plures
962 8902 1006 8945 sunt
1026 8909 1168 8958 operationes,
1188 8920 1271 8961 quarum

816 8957 880 9001 causae
888 8963 1001 9002 itaoccultae
1010 8959 1063 9009 sunt,
1070 8978 1092 9003 ut
1101 8963 1156 9004 nullo
1162 8961 1218 9005 sensu
1226 8976 1271 9018 per-

818 9019 945 9072 cipivaleant.

993 9120 1011 9164 §-
1037 9117 1079 9157 lv.

834 9213 945 9263 operationes
959 9213 1027 9250 occulte
1036 9212 1059 9250 ab
1073 9213 1145 9262 occultis
1153 9213 1263 9266 provenirent

893 9266 1023 9321 facultatibus,
1032 9283 1067 9322 que
1074 9268 1119 9322 sient
1125 9273 1197 9324 proprie

983 9323 1023 9379 sttt'r
1033 9324 1102 9379 fielnes.

869 9417 1002 9461 Efolvendum
1021 9419 1126 9468 secundo,
1139 9422 1195 9477 quod
1204 9435 1274 9477 opera-

869 9479 932 9517 tiones
946 9478 1029 9519 occultae
1043 9483 1161 9534 proveniunt
1173 9479 1198 9519 ab
1209 9478 1275 9520 occul-

819 9537 842 9574 tis
858 9534 980 9575 facultatibus
999 9538 1105 9577 minorum
1122 9534 1274 9591 ,quorumsunt

820 9594 903 9647 propriae
916 9591 1008 9646 passiones
1021 9622 1027 9639 ‚
1039 9609 1082 9650 quac
1094 9607 1131 9633 nec
1142 9608 1176 9647 per
1187 9592 1210 9648 fe⁴
1220 9591 1274 9648 ipsas,

820 9662 857 9689 nec
869 9662 903 9704 per
911 9648 1048 9695 instrumenta,
1060 9664 1095 9706 per
1107 9664 1151 9705 quae
1162 9664 1273 9705 operantur,

820 9702 884 9747 sunta
896 9705 965 9746 nostris
976 9704 1062 9749 sensibus
1070 9708 1214 9763 perceptibiles.

850 9763 958 9806 Probatur:
967 9767 1022 9805 Tum
1031 9780 1056 9807 eit
1069 9764 1113 9820 ipsis
1122 9762 1214 9820 aquibus
1227 9778 1273 9818 pro·

821 9823 918 9865 veniunts
934 9825 1069 9878 namtorpedo
1083 9836 1182 9877 torporem
1201 9823 1277 9863 inducit

822 9880 842 9917 in
856 9892 916 9919 manu
929 9876 1028 9934 piscatoris
1037 9878 1069 9921 sua
1080 9877 1276 9934 specificajfacultate,

822 9933 862 9975 sine
871 9933 911 9985 fui,
923 9950 957 9977 aut
971 9936 1109 9984 instrumenti,
1123 9952 1165 9992 quo
1177 9950 1277 9992 operatur,

822 9995 938 10047 cognitione
949 9994 973 10034 ab
986 9995 1053 10049 aliquo
1071 9992 1128 10035 sensu
1150 9993 1278 10048 perceptibili.

329 10039 400 10080 aetum.
409 10043 464 10082 Tum
471 10045 578 10083 Avenzoar
584 10042 699 10086 lib-imment
705 10059 786 10109 o.cpp.4.
795 10055 813 10096 c
826 10051 857 10089 Sic
863 10063 944 10104 magnes
953 10051 1028 10091 fetrum
1036 10052 1128 10092 attrahit:
1136 10051 1161 10091 sic
1170 10052 1278 10092 rhabaiba·

328 10096 403 10136 docens
412 10111 470 10152 caput
478 10098 548 10154 leporis
563 10099 650 10141 conserte
662 10115 742 10143 tremori
752 10117 783 10143 ca-

326 10154 384 10206 pitis,
401 10155 448 10197 dicit
462 10157 517 10209 quod
528 10159 666 10211 juvamentum
685 10159 725 10199 lioc
738 10158 784 10200 facit

328 10211 399 10252 virtute
411 10212 491 10256 divina,
510 10227 554 10268 quae
567 10216 628 10255 virtus
639 10216 711 10257 dicitur
724 10219 784 10259 virtus

327 10266 419 10313 occulta,
430 10267 479 10312 seui
491 10285 532 10311 tota
545 10269 620 10325 specie,
632 10272 715 10328 &quod
723 10272 784 10328 aliqui

329 10335 403 10366 veteres
414 10330 477 10370 conati
489 10325 533 10368 sunt
540 10326 595 10382 loqui
608 10327 666 10383 super
674 10330 712 10369 hac
721 10333 783 10372 virtu·

328 10393 348 10419 te
357 10396 361 10418 :
370 10385 486 10436 &egodico
494 10385 561 10440 ,quod
573 10386 687 10441 imposibile
698 10386 728 10427 est
738 10388 785 10428 scire

328 10440 468 10482 certitudinem
484 10443 552 10497 ipsius,
565 10445 660 10498 quoniam
676 10445 785 10487 intellectui

330 10494 419 10536 humano
432 10500 481 10540 adeo
488 10498 601 10543 sublimn&
611 10500 695 10556 glorioso
709 10501 786 10558 imposi-

329 10552 396 10593 tusest
409 10557 557 10597 terminusultra
567 10558 782 10614 quemiinporsibileest

328 10606 392 10665 ipsum
400 10614 515 10666 pertransite
522 10634 527 10655 :
535 10616 586 10668 Ergo
595 10628 650 10655 error
656 10615 684 10656 est
690 10618 784 10671 insipien-

329 10670 378 10708 tium
390 10682 464 10723 negare
475 10673 516 10712 dari
528 10671 603 10729 aliquas
619 10677 742 10729 operationes
753 10690 785 10715 oc-

330 10722 492 10780 cultas,q'uatum
499 10729 564 10769 caulas
573 10732 690 10782 ignoramus.

359 10782 455 10825 Probatur
464 10784 563 10827 secundo:
574 10789 708 10841 Operationes
717 10791 784 10831 occul-

330 10843 360 10879 tat'
369 10839 474 10888 dicuntur,
488 10857 573 10899 quarum
584 10844 630 10885 licet
642 10845 786 10900 cognoscantur

329 10893 411 10937 effeetus·
420 10900 487 10946 ,nullis
500 10902 567 10941 tamen
580 10899 664 10943 sensibus
677 10904 742 10946 valent
755 10919 787 10945 ea-

330 10968 376 10995 tuin
386 10954 463 11011 percipi
469 10956 541 10999 causae:
552 10959 591 11000 Sed
604 10959 671 11014 plures
682 10962 787 11003 inveniun-

330 11025 363 11051 tur
383 11013 499 11068 hujusmodi
520 11019 662 11074 operationes:
677 11018 732 11075 Ergo
752 11034 787 11061 ne-

330 11082 408 11122 queunt
416 11069 456 11112 sine
466 11071 567 11122 manifesto
576 11089 642 11115 errore
652 11081 726 11130 negari.
737 11081 785 11120 Pro-

326 11124 387 11167 batur
394 11130 466 11177 minoi,
473 11143 517 11175 nam
524 11131 545 11178 ti't
551 11130 672 11186 prosequitur
680 11133 787 11177 Marcellus

329 11184 787 11244 Donatns‚&constatesiexpertishistoncorum

330 11241 485 11298 enarrationibus
496 11276 501 11293 ‚
512 11248 532 11285 &
539 11242 785 11305 observationibus,mag-

325 11298 787 11361 ‘nesautahitfertumJeleStium'paleas,celie-

332 11356 460 11412 neis'parvus
471 11356 526 11415 piscis
537 11359 785 11409 navemfistitffhabatba-

825 10108 955 10149 inmattithii
971 10108 1040 10155 bilem,
1053 10107 1159 10163 &reliqua
1172 10122 1279 10163 operantur

824 10167 885 10204 mixta
897 10163 973 10205 occulta
983 10169 1003 10206 vi
1012 10165 1079 10206 similes
1085 10168 1213 10221 operationes.
1223 10168 1278 10207 Tum

823 10233 848 10259 ex
854 10220 898 10276 ipss
907 10222 1053 10277 operationibus
1065 10221 1142 10263 constat
1152 10223 1204 10264 nihil
1216 10222 1279 10264 inillis

823 10282 899 10333 percipi
913 10276 923 10318 a
939 10279 1008 10320 nostris
1016 10278 1114 10328 sensibus,
1128 10282 1192 10323 donec
1205 10280 1278 10335 produ-

823 10335 865 10375 clus
876 10334 959 10377 effeetus
967 10335 1098 10392 cognoscitur.
1120 10340 1175 10378 Tum
1184 10341 1231 10392 quia
1239 10341 1278 10378 ‚lu-

824 10393 905 10439 chores,
918 10394 949 10434 vel
959 10395 994 10434 lias
1008 10394 1095 10435 occultas
1100 10398 1186 10435 rationes
1196 10407 1278 10448 negant,

825 10449 856 10489 vel
864 10465 885 10491 ut
900 10451 984 10493 occultas
996 10452 1116 10499 admittunt,
1128 10455 1175 10505 quia
1188 10450 1237 10491 nibil
1250 10451 1277 10491 est

825 10509 846 10547 in
860 10507 897 10547 suis
911 10508 988 10557 tauns,
1003 10523 1038 10549 aut
1049 10509 1124 10550 illarum
1140 10508 1278 10553 instrumentis,

821 10579 856 10620 per
866 10565 920 10620 quod
929 10563 1088 10621 poffintainostris
1095 10565 1179 10607 senfibus
1184 10568 1263 10622 percipi

1024 10666 1040 10709 s·
1063 10667 1087 10705 V.

793 10751 813 10792 D
824 10753 913 10804 ,Qualiter
927 10756 983 10806 juvat
998 10764 1155 10807 temperamentum
1167 10751 1279 10808 fitbstantt‘fi-

897 10824 934 10850 cam
941 10814 1050 10865 praeteristis
1062 10811 1197 10865 epteatromibus,

875 10902 1007 10948 Esolvenduni
1020 10906 1077 10949 tertio
1087 10907 1155 10963 ,quod
1164 10905 1280 10948 substantifi-

874 10979 920 11005 cum
938 10978 1114 11019 temperamentum
1140 10963 1219 11006 confert
1242 10978 1278 11022 pro

825 11021 974 11077 operationibus
985 11021 1071 11062 occultis-

854 11080 965 11122 Probatur:
980 11082 1034 11120 Tum
1050 11082 1096 11135 quia
1106 11078 1224 11120 determinat
1237 11078 1280 11120 for·

825 11152 880 11179 naatu
887 11153 909 11179 ut
917 11136 949 11179 vel
960 11140 1030 11181 intoto
1039 11136 1082 11184 ,vel
1095 11139 1114 11176 in
1121 11136 1249 11178 determinata
1256 11134 1280 11177 il-

826 11193 863 11241 lius
883 11209 936 11251 parte
956 11195 1054 11250 producat
1073 11192 1185 11236 facultatem
1202 11191 1280 11235 occulte

826 11265 955 11309 operanrems
964 11251 1014 11292 sicut
1021 11256 1072 11292 enim
1083 11249 1145 11293 forma
1155 11280 1160 11297 ,
1174 11268 1196 11294 ut
1206 11255 1280 11300 vivens,

826 11313 863 11363 'pet
873 11323 947 11365 organa
957 11312 1081 11364 appropriata
1087 11310 1230 11353 determinatur
1246 11323 1280 11365 pro

828 11370 920 11419 potentiis
933 11370 953 11407 in
966 11366 1003 11407 suis
1011 11370 1086 11422 organis
1096 11367 1242 11422 producendiss
1254 11366 1279 11409 sic

320 11429 453 11471 „tumpurgat
460 11417 525 11468 bilem,
533 11421 623 11475 agaricus
630 11422 786 11479 pituitani‚epy-
799 11420 814 11459 E
827 11420 984 11465 substantificum
997 11438 1177 11480 temperamentum
1187 11425 1214 11467 ob
1224 11421 1280 11466 suum

329 11474 407 11516 titinius
419 11474 479 11517 bilem
485 11491 557 11525 atram,
564 11475 621 11531 lepus
633 11480 719 11525 marinus
730 11478 785 11523 ulce-

332 11530 604 11588 rat‘'pulm0nes',cattarides
616 11539 691 11583 renes,
706 11537 786 11579 &velii-

329 11600 373 11628 cam
386 11619 391 11637 ‚
402 11589 570 11634 struthiocamelus
582 11596 690 11648 concoquit
701 11593 784 11640 fetrumt

330 11658 432 11690 veratrum
442 11657 463 11693 &
482 11654 546 11693 cicuta
554 11665 638 11703 mortem
649 11650 711 11693 infert
721 11652 786 11695 botni-

329 11705 366 11747 ni,
377 11706 411 11748 alit
426 11712 540 11749 coturnices.
554 11708 592 11749 Alii
608 11708 718 11751 abhorrent
729 11710 786 11760 rosas,

328 11762 541 11822 casetim,‘pisces·,·aut
553 11765 588 11807 alia
601 11765 693 11809 alimenta
706 11767 784 11823 reliquis

328 11826 444 11865 conimunia
454 11826 617 11878 ‚quotum-vatia
633 11822 724 11880 exempla
739 11839 785 11880 pro-

328 11899 408 11941 ponunt
420 11885 521 11928 Anthores
529 11888 561 11928 ,&
573 11880 632 11923 refert
639 11882 755 11925 Schenkius
763 11886 784 11926 in
795 11886 798 11898 “

327 11934 543 11988 suis'obieiiationibus,
549 11946 570 11983 oe
579 11940 670 11995 Donatus
677 11943 713 11982 loco
722 11944 785 11982 citato:

324 11994 389 12047 sies&
405 12000 437 12045 alii
450 11998 619 12055 referuntur,qui
637 11998 785 12052 fineomnialif

825 11481 909 11532 modum
917 11484 1017 11523 mixtionis
1028 11483 1143 11524 determinat
1151 11486 1231 11526 mixtam
1239 11482 1280 11524 for·

826 11552 879 11580 mam
890 11541 915 11581 ad
925 11538 966 11581 suas
976 11539 1073 11597 specificas
1093 11538 1195 11583 facultates
1213 11544 1234 11581 iti
1246 11538 1280 11588 illo

826 11597 971 11649 producendas.
990 11601 1044 11639 Turn
1060 11611 1142 11654 apparet
1152 11600 1173 11638 in
1189 11596 1280 11638 animali-

825 11653 903 11703 btis‚&
918 11654 1075 11711 vegetabilibus,
1089 11658 1108 11696 in
1122 11656 1196 11711 quibus
1208 11654 1280 11697 constat

826 11713 997 11767 produceresn'as
1013 11712 1100 11754 occultas
1116 11718 1155 11759 ,bc
1173 11710 1280 11769 venenosas

824 11771 926 11823 qualitates
939 11772 1004 11828 potius
1015 11774 1036 11813 in
1046 11786 1085 11812 una
1098 11783 1154 11824 parte
1166 11800 1171 11819 ,
1183 11769 1243 11824 quim
1260 11772 1280 11809 in

824 11828 866 11871 alia.
896 11834 949 11873 Tum
968 11832 1025 11885 juvat
1040 11839 1218 11880 temperamentum
1236 11827 1280 11869 sub-

824 11884 959 11935 stantificum,
970 11903 992 11927 ut
1005 11886 1030 11929 ob
1040 11883 1185 11925 similitudinem
1192 11889 1212 11929 in
1220 11884 1280 11929 modo

823 11942 932 11990 substantia:
943 11942 1032 11997 alienes
1045 11942 1093 11988 fiant
1108 11941 1209 11996 objectum
1223 11958 1280 11997 attra-

824 12003 895 12045 aionis
910 12004 970 12051 ,alite
988 12015 1029 12043 uon
1043 12015 1048 12037 ε
1062 11999 1088 12041 sic
1105 12012 1186 12057 magnes
1203 12001 1280 12045 attrahit

1199 12059 1280 12105 fertum,
