7350 12967
315 8553 410 8610 222
486 8596 488 8599 ,
532 8525 690 8638 Disput.
708 8530 787 8620 ΙΙΙ.

312 8650 466 8709 reddunturque
477 8657 579 8712 incapaces
598 8658 623 8699 ad
638 8658 771 8707 testimonium
783 8672 801 8713 A

312 8710 434 8761 dicendum,
448 8712 472 8753 ad
484 8714 631 8758 testificandum
646 8747 652 8765 ,
671 8721 697 8760 ad
710 8721 774 8765 officia

314 8766 403 8822 publica,
411 8769 502 8825 fiuntque
514 8772 644 8825 irregulares:
652 8777 704 8832 Ergo
712 8780 773 8821 ebrie.

313 8838 342 8865 tas
354 8828 425 8869 vitium
436 8826 464 8868 est
474 8829 619 8880 abominabile,
634 8837 655 8873 de
667 8837 773 8891 indignum

315 8881 430 8926 hominibus
440 8883 536 8939 politicis,
551 8889 692 8943 rationalibus,
704 8900 726 8937 ὅς
739 8897 772 8937 dc.

316 8942 395 8984 corolis.

346 9135 433 9175 raritatis
442 9138 496 9177 {marri
506 9142 586 9194 qualiter
598 9144 653 9184 liceat
664 9143 745 9186 ebrietas.

368 9230 503 9276 Esolvendutn
517 9235 606 9280 secundb
620 9271 625 9289 ,
637 9243 692 9296 qnod
707 9244 772 9285 ebrie-

319 9234 397 9338 Rtas
412 9293 515 9335 materialis
523 9325 528 9344 ,
536 9309 580 9351 quae
591 9313 631 9339 non
639 9299 661 9340 fit
668 9300 774 9357 voluptatis

314 9348 373 9391 cauas
382 9377 387 9395 ,
396 9344 430 9387 sed
440 9363 535 9405 tanquam
549 9358 657 9399 remedium
669 9359 693 9399 ad
702 9356 773 9400 sanita-
785 9369 800 9409 Β

315 9419 357 9447 tem
365 9402 525 9460 consequendam
531 9441 536 9458 ‚
542 9412 586 9452 licet
594 9413 698 9469 aliquibus,

345 9462 443 9507 Probatur
453 9481 457 9503 :
466 9467 488 9507 ld
500 9471 556 9522 quod
564 9469 611 9511 stne
618 9486 701 9527 peccaro
710 9475 774 9529 potest

315 9524 403 9562 exerceri
416 9550 421 9565 ,
434 9524 516 9566 Medico
536 9527 628 9572 suadente
641 9532 685 9572 licet
700 9545 775 9587 aegroto

315 9590 422 9620 exercere:
436 9582 474 9623 Sed
488 9583 568 9625 medico
582 9585 675 9629 suadente
687 9591 773 9642 aliquan-

315 9636 343 9677 do
348 9651 429 9693 propter
437 9635 538 9681 sanitatem
548 9647 598 9697 perir
608 9651 695 9688 exerceri
706 9649 772 9691 ebrie-

315 9706 344 9734 tas
357 9695 475 9735 materialis:
489 9700 542 9753 Ergo
555 9698 585 9740 est
602 9701 653 9745 licita
669 9703 773 9761 aliquibus.

313 9750 412 9792 Probatur
422 9755 486 9795 minor
494 9768 519 9796 ex
530 9755 619 9801 Valentia
628 9772 669 9802 tom.
681 9777 696 9811 5.
709 9764 772 9818 disp-9.

314 9814 332 9859 ς,
335 9807 355 9862 fi
360 9814 398 9864 quir
405 9840 411 9859 ,
417 9809 505 9853 dicente:
513 9815 546 9854 Sed
547 9813 565 9867 fi
570 9823 607 9871 quis
618 9830 691 9874 propter
697 9819 773 9875 fimite-

314 9878 383 9907 remex
399 9869 482 9921 judicio,
498 9873 521 9919 (r
541 9872 639 9931 prescripto
651 9883 773 9922 <Medicorum

312 9927 403 9980 malique
414 9927 473 9969 morbo
483 9926 563 9984 firmaret
573 9937 638 9976 vinum
653 9950 702 9981 ‚aar
716 9942 773 9979 aliam

314 9983 433 10025 inebriantem
446 9989 531 10042 liquorem
542 9992 622 10046 largirer
634 10023 640 10038 ‚
652 9998 709 10036 eriam
721 9994 748 10051 us

754 10014 776 10038 ue

314 10041 340 10081 ad
349 10045 472 10098 privationem
483 10043 615 10100 rsusratmrrr'r,
623 10053 695 10093 minim)
706 10013 775 10096 exerqce-

314 10111 343 10139 rer
353 10100 457 10142 ebrietatem
469 10104 542 10158 proprii
555 10136 560 10150 ,
571 10109 594 10154 ά
607 10108 712 10162 firmalirer

314 10157 388 10199 rantum
401 10164 534 10211 materialiter,
543 10177 564 10203 m
575 10167 624 10207 docet
632 10173 734 10222 cajetanae
744 10172 774 10212 hit

314 10228 350 10256 art.
357 10235 373 10258 2.
383 10217 431 10264 &ira
438 10225 511 10260 Summa
519 10250 524 10265 ‚
531 10223 586 10263 verbo
597 10226 679 10268 mrum
687 10258 692 10272 ‚
700 10244 724 10269 ex
728 10227 773 10283 sen-

315 10279 374 10315 tentia
392 10280 435 10316 nat
445 10277 517 10319 rhama.
539 10282 593 10323 Tum
604 10284 674 10339 probat
690 10290 773 10337 ratione,

315 10335 362 10388 quia
379 10331 425 10376 licet
440 10333 485 10376 usus
498 10337 633 10383 viuiabsolutb
643 10345 663 10384 in
677 10344 716 10385 hoc
729 10344 774 10387 casu

313 10389 343 10430 est
350 10392 490 10441 immoderatus
499 10422 504 10440 ,
513 10408 581 10438 tamen
593 10398 681 10456 respectu
692 10402 736 10444 finis
744 10406 773 10444 iu-

315 10450 365 10489 tenti
377 10462 419 10491 non
432 10449 461 10491 est
472 10453 620 10497 immoderatus.

344 10506 441 10549 Probatur
448 10506 547 10551 secundb:
556 10514 575 10554 Si
583 10528 625 10555 nou
633 10514 702 10558 liceret
709 10515 774 10558 ebrie-

315 10575 343 10604 tas
354 10578 450 10617 tanquam
459 10569 582 10617 remedium,
591 10572 678 10615 marrimb
684 10578 733 10629 quia
739 10575 774 10615 ali-

314 10624 371 10674 quod
378 10619 447 10665 afferat
457 10627 607 10669 incommodum
619 10647 623 10667 :
637 10634 676 10674 Sed
686 10633 774 10674 hocnon

313 10677 392 10727 obstat,
406 10684 488 10736 quiaex
502 10683 582 10726 Galeno
595 10686 672 10731 nullum
685 10691 773 10732 mediea-

814 8537 1078 8631 Miscellanea'.

1015 8713 1045 8756 δ’.
1056 8712 1065 8751 Ι
1074 8712 1099 8753 V.

843 8802 914 8855 Aliqua
926 8814 1018 8857 pumuntur
1032 8809 1105 8848 auxilia
1116 8821 1150 8864 pra
1165 8813 1245 8852 vitanda

996 8860 1086 8904 elrrtmrt.

864 8961 1008 9016 Esolvendunt,
1015 8970 1072 9025 quod
1081 8985 1118 9027 pro
1125 8973 1205 9014 vitanda
1210 8973 1274 9018 ebrie-

814 8966 904 9074 Rtate
920 9022 965 9065 sunt
982 9028 1049 9082 aliqua
1064 9033 1116 9071 utiia
1130 9061 1135 9080 ,
1149 9045 1175 9072 ex
1192 9033 1274 9075 Antho-

812 9082 873 9121 ribus.
1243 9111 1245 9113 ·

841 9136 937 9180 Probatur
947 9138 1013 9195 primb
1031 9157 1057 9184 ex
1079 9145 1175 9200 aliquibus
1191 9148 1274 9204 politicis

812 9196 915 9244 remediis,
926 9212 971 9252 quae
978 9197 1042 9243 solent
1049 9204 1137 9259 adaptari
1146 9220 1180 9261 pto
1190 9207 1225 9246 illis
1238 9212 1274 9262 qui

813 9255 906 9295 nondum
920 9258 942 9296 in
960 9256 1018 9297 bruta
1035 9261 1156 9304 transmutati
1175 9262 1219 9305 sunt
1239 9279 1274 9320 per

813 9308 930 9352 ebrietatem
942 9317 1083 9365 inveteratam,
1093 9333 1130 9372 pro
1143 9322 1214 9377 quibus
1225 9338 1274 9378 pro·

814 9372 897 9422 ponitur
909 9370 977 9413 odium
991 9373 1169 9431 intemperantiae,
1185 9393 1229 9434 quae
1244 9380 1274 9422 est

813 9426 908 9467 horribile
919 9432 988 9471 vitium
997 9459 1002 9476 2
1012 9435 1059 9474 Deo
1072 9432 1155 9475 invisum
1169 9464 1174 9483 ,
1188 9437 1275 9480 hornini-

812 9481 850 9522 bus
860 9498 930 9540 turpe,
940 9492 1072 9540 prudentibus
1081 9491 1167 9533 alienum
1176 9526 1181 9545 ,
1189 9495 1275 9551 pluriuth

814 9542 906 9583 vitiorum
927 9546 1003 9599 origo,
1018 9547 1139 9598 Christianis
1157 9554 1273 9607 indignum,

813 9597 956 9641 detrimentum
970 9606 1051 9655 animat,
1064 9609 1168 9662 corporis,
1182 9609 1274 9663 fortunae,

813 9654 1001 9700 honoriscxrindtio.

842 9714 939 9757 Probatur
950 9716 1039 9760 secundb
1054 9734 1078 9759 ex
1093 9721 1198 9764 Scheukio
1217 9725 1274 9769 lib-r.

813 9766 903 9823 observat.
910 9778 945 9829 qui
953 9774 1008 9830 plura
1016 9782 1110 9833 proponit
1124 9780 1202 9836 phyfira
1214 9798 1275 9826 terne-

812 9830 845 9869 dia
852 9845 858 9874 5
867 9845 942 9872 namex
951 9832 1055 9877 Aristotele
1063 9836 1086 9875 de
1092 9844 1203 9878 tumulentur
1211 9871 1216 9888 ,
1223 9857 1273 9898 pro-

809 9889 868 9940 ponit
877 9887 937 9931 olivas
945 9892 1058 9934 Rhodiacas
1066 9893 1123 9936 didas
1137 9926 1142 9940 ,
1150 9898 1246 9940 exhibitas
1252 9903 1275 9943 in

812 9947 860 9985 vino
867 9947 932 9988 calido
939 9967 944 9989 ε
950 9964 974 9989 cx
983 9949 1089 9993 Plutarcho
1095 9951 1273 10012 insymprsqraest.6.

813 10000 882 10044 laudat
892 10005 989 10048 exhibere
1002 10011 1107 10063 quinque,
1117 10026 1150 10053 aut
1159 10010 1191 10054 sex
1205 10029 1275 10071 amyg-

783 10060 996 10116 Cdalasamarasante
1010 10080 1079 10121 porum
1091 10066 1182 10124 sumptas.
1198 10070 1276 10118 Jrrchas

726 10142 731 10157 ‚
739 10112 775 10167 sed
814 10117 881 10159 laudat
893 10134 930 10161 ova
941 10123 1017 10163 uotiua
1025 10152 1030 10167 ‚
1039 10124 1187 10169 utabhorreant
1201 10134 1275 10173 vinum.

812 10176 943 10218 Democritus
957 10176 1029 10221 saniem
1038 10183 1107 10223 vitium
1117 10184 1208 10238 praefert,
1223 10188 1276 10231 Caro

813 10232 917 10279 brassicam.
933 10238 1038 10279 Avicenna
1044 10238 1083 10293 fen.
1095 10258 1111 10282 1.
1122 10245 1256 10299 ppropouirl
1266 10274 1276 10283 -

812 10304 887 10347 rupum
896 10307 996 10336 arcentem
1007 10295 1119 10339 ebrietatem
1128 10317 1132 10340 :
1140 10315 1164 10340 ex
1172 10304 1230 10343 Horo
1236 10307 1276 10346 Re-

813 10360 839 10403 ge
852 10348 972 10406 Assyriorum
981 10358 1100 10408 proponitur
1111 10361 1161 10397 ciuis
1173 10358 1228 10401 rostri
1241 10363 1276 10403 hi·

812 10407 889 10448 rudinis
901 10423 948 10450 cum
961 10411 1054 10467 myrrha,
1063 10414 1076 10452 si
1086 10410 1181 10456 offeratur
1191 10420 1212 10458 in
1220 10422 1275 10468 vino,

814 10463 846 10505 vel
859 10462 927 10506 succus
943 10471 993 10508 acini
1008 10470 1084 10511 hedera
1100 10485 1147 10512 cum
1158 10487 1232 10520 croco,
1243 10477 1276 10519 vel

812 10519 881 10563 oleum
888 10525 909 10563 in
919 10527 974 10580 Syria
979 10526 1053 10567 ditham
1061 10531 1153 10570 Eseomeli.
1201 10541 1203 10543 ’

843 10581 939 10623 Probatur
949 10583 1008 10625 tertib
1018 10614 1023 10631 ,
1038 10587 1095 10639 quod
1102 10587 1159 10642 plura
1171 10590 1275 10633 manifestis

814 10636 888 10678 viribus
916 10654 1042 10696 opponantur
1061 10644 1157 10686 ebrietati.
1176 10650 1277 10702 Mizaldus

813 10706 859 10735 emt.
869 10712 884 10737 1·
898 10712 957 10740 rerum
969 10700 1076 10742 mermrabr'l.
1095 10706 1146 10745 inter
1161 10705 1205 10747 hac
1217 10712 1277 10764 ponit

314 10750 405 10780 mentum
418 10741 445 10781 ita
462 10740 575 10797 proficuum
585 10743 614 10790 est
624 10775 629 10793 ,
641 10749 697 10803 quod
708 10748 774 10804 aliqua
813 10748 894 10796 succum
909 10756 958 10798 lauri
972 10762 1277 10812 permixtumvt'miCatorsere

313 10807 339 10835 ex
354 10809 409 10852 parte
421 10811 463 10839 non
471 10812 543 10844 noceat
552 10818 557 10839 :
572 10804 592 10841 ὃ(
601 10817 627 10845 ex
640 10806 713 10848 eodem
723 10811 774 10850 Avi·
814 10811 880 10868 rustica
890 10843 896 10861 ,
906 10813 973 10856 laudat
990 10814 1108 10860 rubescentis
1125 10818 1208 10862 bralhcae
1216 10842 1218 10846 v
1227 10823 1277 10866 folia

314 10866 380 10894 cenna
393 10884 398 10901 ,
409 10860 432 10911 b:
448 10856 548 10900 Cornelio
561 10859 619 10903 Celso
627 10862 774 10921 ,aliquandobt
813 10870 900 10912 comesta
908 10886 956 10913 ante
965 10874 1007 10914 vini
1019 10874 1080 10917 usum.
1087 10874 1179 10918 Galenus
1187 10880 1224 10921 nde
1231 10897 1275 10923 cam·

244 10943 246 10947 ,
313 10910 400 10966 plurimo
413 10914 441 10953 uti
454 10915 499 10956 cibo
511 10915 559 10960 licet
568 10949 573 10967 ‚
583 10924 673 10963 &nimio
683 10924 725 10965 vini
739 10936 774 10979 po·
811 10924 850 10981 pos
854 10930 947 10971 medicam.
958 10944 996 10987 cap.
1005 10948 1021 10986 5.
1033 10932 1132 10975 brassicam
1144 10936 1228 10979 calidam
1238 10955 1275 10996 ap-

313 10981 348 11015 tu,
358 10984 399 11011 nou
409 10984 490 11028 propter
495 10975 622 11028 ebrietatem,
635 10976 668 11021 sed
678 10980 775 11037 utsequa·
815 10986 876 11040 plicat
887 10989 946 11044 capiti
965 11005 969 11027 :
988 10991 1105 11032 Vvechetus
1119 10996 1140 11031 m
1153 10996 1277 11044 antimum,

314 11029 455 11076 eutromius,
468 11030 561 11082 let-effus,
571 11033 647 11087 sudor,
658 11038 690 11080 vel
701 11038 739 11081 alia
752 11041 775 11082 st-
814 11043 902 11099 applicat
914 11046 992 11089 hederae
1003 11047 1061 11099 folia,
1071 11050 1103 11091 vel
1111 11064 1143 11091 ert
1155 11053 1229 11100 illis,&
1242 11072 1276 11098 ro-

273 11108 274 11111 =
316 11083 364 11128 milis
380 11091 487 11130 evacuatio
505 11105 678 11138 excrementorum
695 11099 774 11141 redun·
810 11099 838 11149 fis,
847 11116 882 11144 aut
890 11104 946 11159 lauri}
953 11103 1005 11146 foliis
1014 11122 1096 11149 coronas
1106 11110 1196 11162 imponit.
1204 11113 1277 11156 aristo·

315 11141 461 11189 dauium‚2ut
467 11152 580 11204 acquiratur
593 11150 684 11202 somnus,
697 11159 718 11196 iu
732 11170 774 11212 quo
811 11158 860 11200 teles
871 11160 940 11204 oleum
959 11161 1066 11220 scorpionis
1080 11194 1087 11212 ‚
1102 11166 1191 11210 Galenus
1204 11171 1275 11216 allium

316 11211 428 11254 coquantur
436 11216 567 11248 excrementa
579 11211 709 11256 redundantia
722 11246 728 11263 ,
743 11216 774 11257 di·
812 11214 901 11260 laudanr.
1198 11253 1203 11264 r

316 11266 421 11311 gerantur,
434 11267 455 11305 δι
465 11277 501 11318 per
513 11278 581 11307 eutem
593 11272 727 11322 evacuentur,
738 11287 773 11315 aut
842 11276 938 11321 Probatur
944 11275 1017 11334 quares>
1027 11293 1052 11319 ex
1067 11279 1165 11337 aliquibus
1178 11288 1275 11337 remediis,

314 11315 682 11380 curaedeprimantur:inquemfiuem
694 11332 773 11388 inregi—
812 11346 858 11388 quae
871 11332 883 11373 d
897 11340 1014 11392 proprietate
1031 11340 1124 11381 dicuntur
1142 11343 1212 11386 odium
1232 11348 1276 11388 viui

314 11374 369 11413 minc
376 11369 462 11420 sanitatis
470 11379 621 11438 docetur,quod
628 11399 715 11427 tentetur
724 11388 772 11431 levis
813 11389 913 11440 causare,
926 11407 971 11449 quat
982 11396 1027 11436 ideo
1034 11395 1157 11440 ¹ebrietatem
1171 11402 1234 11445 valent
1241 11403 1276 11445 fu-

269 11450 285 11454 -·
316 11428 397 11474 ebrietas
417 11444 513 11491 tanquam
526 11439 639 11497 aliquorum
654 11445 772 11489 morborum
813 11459 867 11502 gare.
884 11451 983 11493 Gesnerus
1000 11453 1058 11506 siba.
1077 11462 1239 11509 apruntinum
1255 11465 1277 11505 in

314 11489 432 11533 remedium.
445 11494 499 11536 Tum
508 11500 556 11553 quia
561 11498 608 11541 licet
614 11499 700 11543 formalis
708 11502 771 11546 ebrie·
811 11520 855 11562 quo
867 11512 954 11551 extincta
967 11510 1027 11553 fuerit
1040 11527 1084 11554 rana
1096 11514 1185 11569 palustris
1194 11530 1199 11563 ‚'
1207 11523 1278 11574 praeci·

315 11555 344 11585 tas
353 11544 374 11589 fit
384 11545 537 11602 scandalum&
550 11557 694 11605 incivilis,non
702 11561 771 11605 tamen
811 11562 853 11620 pub
863 11580 910 11609 rana
919 11570 986 11611 viridis
998 11601 1003 11618 ,
1016 11569 1106 11611 observat
1119 11571 1158 11615 effe
1168 11576 1277 11634 potentissi-

292 11623 298 11630 ·
316 11614 362 11655 <luz
369 11600 432 11649 solltm
440 11614 553 11663 materialis,
566 11630 612 11671 quae
626 11631 668 11659 non
679 11618 771 11676 rolupra-
803 11628 868 11664 'mum
876 11628 986 11669 remedium
997 11630 1022 11669 ad
1032 11629 1150 11672 viuiodium
1157 11642 1276 11688 compartiti

317 11656 389 11710 ‘based
394 11659 479 11711 sanitatis
486 11671 543 11716 eausa
552 11674 669 11720 intenditur.
813 11682 863 11722 dum
874 11682 972 11727 :similiter
982 11691 1003 11728 dt
1015 11690 1084 11728 vinum
1092 11716 1097 11733 ,
1105 11691 1176 11745 inquo
1187 11688 1277 11747 anguilla

809 11737 871 11782 fuerit
885 11739 984 11785 suffocata.
1005 11744 1140 11787 Contendunt
1156 11745 1206 11797 alii,
1221 11753 1277 11805 quod

809 11798 855 11839 duae
864 11796 1093 11857 suffocenturanguillae.
1107 11803 1182 11845 Plinius
1199 11820 1277 11865 propo-

763 11884 766 11885 γ
807 11857 1277 11921 nitvinum,inquopiscisllubelliosuffocatus

806 11915 873 11956 fuerit.
880 11917 904 11959 Et
910 11918 965 11959 idem
970 11918 1038 11959 laudat
1046 11917 1119 11965 stereus
1131 11919 1274 11977 hirundinum,

805 11987 852 12014 curn
863 11978 912 12018 vino
919 11974 1048 12021 exhibitum,
1062 11979 1082 12015 &
1094 11980 1274 12034 vitisaqumlrino

808 12026 900 12077 affuhm.
909 12030 987 12079 latebas
993 12035 1069 12076 noauae
1074 12049 1113 12078 ova
1122 12039 1144 12079 in
1150 12040 1199 12083 vino
1206 12039 1276 12088 diluta·

1199 12097 1275 12157 Aliqua
