7350 12967
269 8458 328 8553 18
437 8452 638 8564 Disputl
667 8456 736 8543 De
746 8455 1076 8558 Vita&Morte]

270 8576 315 8621 talis
325 8578 551 8642 elementationeqneat
560 8600 595 8643 per
602 8601 665 8630 rotam
674 8590 736 8632 vitam
747 8595 766 8636 A
778 8589 852 8635 ledum
862 8597 882 8637 in
893 8609 960 8639 rerum
966 8612 1049 8645 natura,
1058 8602 1094 8654 qui
1101 8600 1193 8645 omuibus
1202 8600 1240 8644 bo-

271 8642 353 8692 reponi‚
361 8639 493 8685 similitcrnee
502 8646 588 8687 anteada
594 8659 646 8687 aetas.

303 8697 400 8739 Probatur
406 8698 493 8755 quintb:
505 8702 589 8745 Nullum
595 8701 700 8745 sublimare
706 8704 735 8746 est

273 8753 399 8805 immortale,
410 8765 430 8801 &
442 8761 592 8816 incorruptibile
603 8780 609 8803 ε
622 8758 654 8803 sed
664 8762 679 8803 fi
690 8775 735 8805 aeta·

271 8823 301 8851 tes
314 8810 391 8867 pulsent
401 8818 520 8865 retrotrabi,
533 8834 555 8859 ut
568 8817 668 8861 fabulatur
679 8822 736 8862 Para·

272 8866 348 8917 celsus,
368 8872 431 8913 bomo
445 8873 502 8915 fieret
514 8876 629 8917 immortalis
639 8878 736 8919 naturali-

231 8920 233 8923 ’
272 8928 367 8975 tet‚citrn
376 8928 440 8985 pollet
448 8930 540 8988 scnipcri
547 8936 736 8988 juventuteadado-

216 8996 219 9003 ’
272 8981 735 9048 lesctntiam,autpucritiammutarizetgohoc

272 9040 473 9100 praesoppolitunrest
480 9046 591 9089 absurdum.

301 9102 358 9143 Dicit
367 9106 457 9159 Areyes,
468 9108 523 9161 quod
529 9109 610 9149 tandem
623 9108 686 9150 bomo
698 9124 735 9165 pe-

272 9159 333 9205 riret,
346 9159 395 9201 sieut
401 9164 509 9204 comedens
517 9179 543 9205 ex
555 9165 626 9206 arbore
634 9170 692 9215 vinc,
701 9171 737 9223 qui

272 9218 355 9259 tandem
368 9217 414 9275 post
431 9220 514 9277 longam
531 9225 658 9265 durationem
670 9240 736 9268 more·

272 9286 334 9318 retur.

301 9332 341 9374 Sed
354 9331 427 9375 contra
437 9335 478 9379 slat.
494 9339 549 9381 Turn
559 9342 619 9394 quod
626 9340 684 9384 arbor
691 9346 736 9385 vitae

272 9390 351 9433 tantitm
364 9393 419 9434 daret
432 9393 605 9449 praestrvnioncm
618 9429 624 9447 ,
642 9400 676 9441 scu
689 9415 736 9442 con-

271 9442 404 9491 servationem
416 9451 495 9493 humidi
506 9456 595 9496 radicalis
608 9458 737 9513 perlongum

273 9516 354 9561 tempus
369 9510 561 9566 ,inquocontiuub
572 9514 649 9568 aliquid
662 9517 733 9571 deper-

272 9561 353 9604 deretur
360 9582 365 9611 i
375 9579 482 9623 uunquam
490 9582 556 9611 tamen
563 9569 626 9627 posset
633 9574 737 9615 hominem

271 9622 404 9664 retrotrahere
415 9625 442 9665 ad
454 9625 564 9680 puerilem,
579 9644 613 9670 aut
624 9630 738 9672 adolescen-

271 9690 313 9719 tem
321 9693 398 9729 acates,
409 9684 429 9722 in
438 9682 511 9736 quibus
518 9684 588 9727 denub
598 9690 695 9743 inciperet
705 9693 735 9730 vi-

273 9749 333 9784 vere,
346 9740 366 9777 ὅί
375 9742 443 9779 mortis
454 9741 563 9783 adventum
577 9748 737 9802 impedire,quo

270 9794 333 9835 modo
348 9792 423 9852 semper
436 9800 476 9839 vita
489 9795 599 9855 superesset.
621 9806 677 9846 'sum
689 9807 737 9861 quia

271 9850 384 9894 Paraeelsus
390 9884 396 9902 ‚
402 9860 423 9898 δι
433 9856 550 9899 Adeodarus
561 9859 656 9916 assignant
664 9876 700 9918 pro
708 9876 737 9903 re-

272 9909 345 9951 mediis
353 9912 380 9953 ad
389 9914 520 9955 retrahendas
527 9929 592 9959 aetates
600 9920 737 9962 medicamen-

749 9293 765 9332 B

773 8651 861 8693 minibus
871 8651 936 8696 assistit
947 8684 953 8701 ,
966 8655 1013 8698 sieut
1028 8672 1081 8699 unos
1088 8660 1120 8702 Sol
1135 8660 1239 8703 illuminat

773 8711 841 8748 omnia
855 8709 965 8758 luminosa,
976 8716 1001 8754 ita
1012 8729 1034 8755 ut
1044 8714 1136 8759 homines
1152 8718 1237 8773 quilibet

774 8764 796 8804 in
805 8762 840 8807 suo
852 8763 892 8807 tffe
913 8769 1056 8813 constituantur
1073 8790 1115 8815 non
1129 8790 1167 8830 per
1177 8790 1240 8817 uuam

776 8825 863 8863 animam
871 8827 988 8869 rationalem
995 8858 1000 8876 ,
1007 8826 1042 8869 sed
1050 8845 1084 8885 per
1090 8832 1174 8874 formam
1181 8834 1239 8874 aliam

776 8883 920 8933 cogitatrieeru.
943 8888 1003 8928 Hane
1010 8890 1129 8943 opinionem
1138 8890 1239 8945 aliqu-{co-

776 8949 849 8977 namur
864 8940 950 8983 tribuere
962 8945 1066 8986 Aristoteli
1077 8959 1084 8986 ¹:
1103 8947 1128 8988 illi
1140 8962 1239 9004 apparent

776 8991 869 9037 assentire
878 8998 1031 9056 Theophrastus
1039 9034 1045 9051 ,
1052 9004 1169 9059 Simplicius,
1179 9008 1240 9047 Tbe-

777 9051 994 9111 mistius‚Algacelus,
1007 9066 1115 9109 Aterion,
1123 9066 1172 9104 inter
1179 9062 1198 9103 se
1210 9078 1239 9104 ta·

778 9124 825 9151 men
835 9112 966 9164 diffidentes,
979 9122 1027 9173 qnia
1038 9119 1071 9160 alii
1083 9134 1143 9161 unam
1151 9124 1238 9163 animam

778 9170 896 9212 rationalem
914 9174 1022 9217 admittunt
1035 9181 1054 9217 in
1068 9176 1175 9225 universo,
1193 9193 1238 9235 quae

777 9222 870 9268 omnibns
880 9230 994 9275 horninibus
1001 9234 1081 9281 affistat,
1090 9251 1111 9277 ut
1118 9236 1247 9290 intelligantt

779 9282 811 9324 alii
822 9283 871 9326 verb
883 9302 947 9328 unum
957 9291 1033 9333 tantbm
1044 9293 1166 9335 intelleclnm
1181 9295 1239 9349 sepa·

777 9355 841 9382 ratum
851 9340 863 9382 ὲ
874 9345 966 9400 qualibet
975 9348 1013 9389 alia
1019 9348 1123 9392 substantia
1129 9366 1198 9394 tenent
1205 9354 1238 9393 da-

776 9401 793 9438 ri
804 9403 898 9442 interum
910 9417 993 9454 natura,
1006 9421 1040 9462 per
1055 9423 1194 9463 quemomnes
1202 9412 1238 9450 ho·

776 9459 840 9497 mines
847 9459 964 9514 intelligunt
974 9492 980 9510 ‚
991 9464 1105 9506 affistentern
1112 9468 1211 9516 omnibus,
1218 9472 1239 9508 dt

776 9517 904 9570 conpunctum
910 9532 945 9573 per
951 9523 1118 9576 imaginationes,
1132 9538 1177 9579 quac
1191 9525 1238 9567 inli-

777 9572 827 9613 dent
832 9576 851 9614 in
859 9574 960 9630 phantafia
966 9578 1240 9637 cujussibctEtjuxtanttam·

778 9643 818 9685 que
825 9628 944 9675 sententiam
953 9636 1065 9680 dicendum
1072 9636 1190 9694 effer,quod
1197 9644 1239 9683 vita

777 9691 868 9730 omnium
876 9690 986 9736 bominum
995 9695 1022 9736 est
1028 9711 1165 9745 unanumero,
1172 9698 1239 9741 sitefit

777 9760 817 9786 una
825 9751 900 9793 anima,
907 9748 947 9790 five
955 9767 1006 9793 unus
1013 9754 1122 9797 intellectus
1129 9755 1237 9809 separatus,

777 9817 872 9859 tanquam
880 9807 1001 9864 principium
1008 9811 1095 9853 radicale
1102 9814 1239 9867 intelligendi,

778 9864 797 9901 in
809 9876 851 9915 quo
859 9862 985 9907 constituitur
995 9864 1034 9909 effe
1041 9872 1086 9911 vita
1096 9871 1189 9913 hominis.

805 9920 857 9961 Haec
866 9922 936 9976 opinio
945 9920 1036 9966 suadetur
1059 9947 1063 9970 :
1086 9932 1141 9970 Tum
1152 9926 1163 9969 ὲ
1176 9928 1239 9978 simili,

272 9964 401 10065 mpagyrica
410 9999 415 10017 ‚
424 9976 447 10014 &
460 9971 613 10024 calefacientia,
626 9977 736 10033 quacititis
748 9995 767 10037 C
779 9979 825 10031 quia
837 9992 876 10019 vna
887 9978 923 10020 lux
935 9981 984 10023 Solis
991 9981 1061 10026 sufficit
1068 9987 1093 10027 ad
1101 9986 1238 10029 illustrandum

273 10037 295 10064 re
303 10040 316 10065 o

318 10026 395 10069 lverent
413 10029 521 10071 humidum
536 10033 637 10075 radicale:
654 10051 675 10078 at
686 10034 735 10077 verb

271 10082 332 10125 arbor
351 10088 394 10127 vitae
412 10086 513 10143 praestaret
530 10094 629 10134 materiam
646 10107 682 10149 pro
700 10094 736 10136 illo

272 10140 418 10185 conservando.
445 10148 500 10188 Tum
513 10151 560 10201 quia
575 10152 648 10207 Artyes
662 10150 735 10208 suppo-

272 10200 303 10239 nit
310 10202 378 10255 ,quod
385 10202 422 10243 tale
430 10216 507 10245 novum
514 10207 682 10251 medicamentum
690 10225 736 10266 pro-

273 10256 360 10299 duceret
371 10274 447 10303 novum
458 10260 566 10304 humidum
574 10265 672 10314 radicale,
680 10272 737 10324 quod

273 10311 452 10359 demonstravimus
463 10316 500 10361 esse
509 10322 632 10378 impossibile:
641 10338 690 10382 ergo
696 10325 736 10369 sru-

273 10368 311 10415 slra
318 10375 408 10417 innititur
415 10377 438 10417 in
448 10378 488 10418 boe
495 10378 591 10436 figmento
599 10380 710 10427 fulciendo.

256 10430 259 10436 ⁴
303 10431 404 10475 Probatur
414 10431 470 10476 sextb
482 10449 508 10477 ex
523 10437 600 10480 Galeno
618 10458 639 10493 4.
647 10442 669 10483 de
676 10440 737 10495 sanir.

272 10490 347 10529 tuenda.
363 10494 457 10533 Senedrus
464 10493 550 10536 consistit
558 10500 578 10538 in
588 10511 736 10554 temperamen-

273 10560 296 10587 to
309 10546 400 10603 frigido,
413 10554 433 10590 &
451 10550 502 10592 sicco
518 10557 651 10609 proveniente
662 10561 738 10601 ratione

272 10618 382 10647 annorum.
400 10607 455 10663 Ergo
479 10612 570 10652 reductio
587 10610 690 10657 sencdntis
710 10618 737 10658 ad

273 10666 379 10717 pueritiam
388 10664 448 10707 debet
463 10668 570 10717 consideres
579 10672 600 10711 in
615 10672 667 10723 lroc,
680 10677 736 10729 quod
746 10670 767 10711 D

273 10720 506 10779 talcmrnpetamentum
522 10742 609 10770 mutetur
621 10733 642 10771 in
660 10746 736 10788 tempe-

274 10782 499 10830 tantummodum,
512 10790 533 10828 &
549 10786 656 10830 humidum
665 10803 738 10845 prove·

274 10839 333 10879 nicus
346 10842 421 10881 tatione
430 10855 528 10883 annorum
539 10862 544 10884 :
556 10844 589 10887 sed
600 10847 691 10889 reductio
703 10864 738 10892 an-

274 10906 349 10936 norum
362 10894 465 10940 serenans
484 10901 509 10941 ad
527 10915 589 10944 annos
601 10908 691 10958 pueritiae
708 10907 737 10950 est

275 10952 406 11003 chimaerica,
422 10961 443 10999 δι
456 10972 495 10999 nec
503 10964 555 11015 capit
569 10960 678 11005 intellectus
694 10981 736 11007 tarn

275 11008 384 11055 absurdum
394 11012 567 11072 praesupposttum:
579 11033 628 11076 ergo
635 11035 672 11063 nec
678 11026 737 11080 qood

277 11064 445 11113 fiattalisaetatum
450 11071 592 11119 transmutatio.

286 11167 729 11195 Μ...-

350 11236 549 11290 >Rrsoturro
585 11243 648 11290 ΧΗ.

279 11337 361 11386 Utrum
377 11355 417 11406 per
432 11358 500 11390 unam
518 11360 614 11393 numero
630 11352 738 11411 animam,
752 11374 767 11415 E

289 11450 291 11453 ,
313 11404 451 11460 durmale
458 11418 592 11481 principium
604 11415 645 11467 fiat
659 11425 704 11471 vita

389 11498 493 11533 omniurn
503 11503 631 11537 viventium.

432 11579 433 11583 ’
478 11598 497 11643 t.
524 11598 540 11638 1.

307 11677 432 11733 Proponant
441 11679 535 11732 opinantes
543 11692 624 11725 tentares
636 11695 708 11739 partein

285 11735 289 11739 ὲ
375 11738 404 11761 ἵ
442 11733 580 11787 affirmativam.

319 11822 381 11869 Kirna
390 11826 462 11882 opinio
469 11841 604 11879 tenet,unanr
613 11834 739 11879 mntlrmdari

777 10048 843 10077 totum
850 10035 978 10090 universum,
987 10047 1008 10084 &
1020 10042 1045 10083 fic
1060 10059 1098 10085 una
1106 10042 1187 10085 sufficiet
1196 10049 1238 10086 ani-

776 10105 819 10139 ma,
833 10108 866 10135 aut
878 10110 928 10135 unus
942 10099 1051 10141 intellectus
1065 10098 1146 10143 sufficiet
1155 10104 1181 10143 ad
1195 10102 1238 10144 illu-

776 10147 854 10191 stranda
866 10155 959 10193 omniurn
971 10158 1078 10200 bominum
1094 10158 1238 10215 phantasmata.

777 10208 832 10249 Tum
843 10205 934 10255 secundi)
950 10244 956 10260 2
973 10218 1020 10270 quia
1031 10216 1066 10258 nisi
1080 10232 1119 10259 una
1132 10216 1181 10260 effer
1195 10233 1238 10259 om-

776 10268 832 10307 nium
842 10267 988 10324 intelligentia,
999 10278 1091 10329 nequiret
1101 10276 1193 10331 magister
1201 10278 1238 10317 do-

776 10336 821 10363 cere
830 10321 948 10381 discipulum
960 10325 1073 10381 scientiam,
1083 10335 1128 10388 quia
1135 10334 1168 10373 vel
1180 10349 1238 10375 tom-

776 10384 911 10425 municarcrur
924 10387 996 10429 eadem
1008 10403 1053 10445 quac
1066 10389 1093 10430 est
1106 10394 1126 10430 in
1136 10391 1238 10448 magistro,

776 10440 829 10481 itant
842 10454 881 10481 una
891 10439 971 10485 seientia
983 10447 1238 10505 produceretaliam‚quod

776 10500 848 10551 nequit
865 10496 907 10540 lieri
926 10517 932 10546 5
953 10503 986 10543 vel
1001 10509 1047 10561 qnia
1064 10507 1136 10548 eadem
1148 10521 1193 10562 quae
1209 10507 1238 10550 cst

775 10555 796 10593 in
804 10554 909 10609 magistre,
924 10561 1006 10603 traditur
1017 10560 1128 10618 discipulo,
1139 10566 1196 10621 qnod
1206 10565 1250 10620 cst]

777 10612 893 10668 lfflPOffibllC
899 10645 904 10661 ²
910 10617 947 10659 ulfi
956 10633 1006 10661 unus
1014 10620 1116 10677 utriusque
1126 10623 1148 10664 sit
1157 10622 1238 10665 intelle-

777 10671 824 10710 ctus.
843 10675 898 10713 Tum
906 10674 978 10726 terrib,
992 10680 1040 10733 quia
1052 10679 1158 10721 multitudo
1167 10677 1237 10724 sectans

777 10728 1007 10778 ddmnumerumsolltm
1013 10737 1105 10778 tribuitur
1118 10735 1185 10779 formis
1191 10754 1238 10795 pen·

777 10785 999 10838 dentibtrsamateria,:
1012 10798 1083 10850 nequit
1095 10810 1160 10838 autern
1171 10795 1238 10841 formis

778 10846 904 10887 rationalibus
919 10850 983 10891 tribui.
1010 10855 1066 10894 Turn
1080 10851 1168 10908 quarto,
1191 10860 1238 10910 quia

778 10906 940 10960 unumquodque
945 10907 1006 10951 habet
1012 10907 1051 10951 effe
1056 10925 1115 10967 prout
1124 10910 1183 10953 babet
1190 10927 1238 10968 ope-

777 10963 814 11001 rari
826 10977 832 11000 .·
847 10960 880 11004 sed
891 10964 1004 11008 intellectus
1018 10968 1079 11011 babet
1091 10973 1167 11025 operari
1179 10973 1238 11012 iude-

776 11020 888 11073 pendenrer
898 11020 910 11061 a
920 11029 1001 11068 materia
1014 11044 1019 11066 :
1038 11039 1089 11085 ergo
1097 11031 1119 11068 &
1131 11024 1170 11069 effe
1180 11028 1238 11071 inde-

777 11078 890 11131 pendenter
896 11078 924 11121 ab
936 11081 972 11123 illa.
1155 11116 1157 11119 -

806 11137 899 11178 Secunda
912 11134 1012 11182 sententia
1025 11156 1082 11186 tenet
1096 11173 1102 11191 ,
1116 11145 1174 11201 quod
1190 11143 1238 11189 licet

778 11196 908 11251 unaquaque
918 11200 957 11238 vita
969 11212 1023 11254 petat
1035 11206 1142 11255 provenire
1159 11204 1185 11245 ab
1200 11219 1239 11246 una

777 11251 911 11296 determinata
918 11256 987 11298 anima
1000 11257 1119 11303 informante
1133 11264 1237 11304 materiam
1249 11280 1250 11283 ¹

729 11317 732 11321 ’
777 11312 861 11364 primani
869 11341 875 11359 ,
884 11324 986 11367 quatenus
993 11316 1028 11359 dat
1034 11314 1061 11359 illi
1067 11315 1107 11361 effe
1113 11337 1120 11366 5
1126 11315 1161 11362 sed
1169 11334 1239 11363 tamen

779 11367 805 11408 ab
819 11383 858 11411 una
875 11372 942 11413 anima
956 11370 1034 11427 poliunt
1050 11378 1155 11432 provenire
1173 11377 1239 11433 plnres

780 11427 836 11472 vitat,
846 11441 946 11482 quatenus
956 11445 997 11473 una
1006 11435 1074 11477 anima
1083 11432 1147 11491 potest
1154 11438 1240 11494 migrare

779 11482 806 11523 de
816 11493 857 11526 uno
869 11484 956 11541 subjedto
967 11492 989 11531 in
1000 11489 1055 11535 aliud
1067 11489 1186 11547 subjectum.
1209 11497 1240 11543 Sic

778 11540 943 11599 philosophantur
955 11548 1088 11605 Pythagoraa,
1101 11550 1240 11608 Empedoclen

776 11600 896 11657 Apollonius
913 11604 1037 11661 Thyanaeos,
1046 11612 1067 11649 δὲ
1078 11612 1128 11652 inter
1135 11611 1240 11654 haereticos

776 11673 897 11716 receperunt
909 11662 1027 11706 Albanenses
1035 11670 1058 11708 dt
1070 11667 1204 11724 Albigenses5
1218 11675 1240 11713 a:

777 11718 851 11761 horum
857 11718 891 11761 alii
897 11722 1049 11773 contendebant
1058 11729 1132 11769 animas
1138 11728 1240 11771 humanas

777 11778 855 11823 tamam
865 11777 1003 11836 transmigrare
1016 11785 1037 11825 in
1048 11798 1133 11841 corpora
1144 11784 1240 11832 humanat

777 11835 809 11878 alii
816 11835 876 11894 ,quod
883 11839 945 11880 etiam
952 11836 1112 11899 transmigrarent
1123 11846 1144 11885 in
1155 11859 1241 11902 corpora

288 11934 290 11937 Α
317 11884 570 11932 animamintelleffivatn
602 11907 626 11934 ro
639 11897 679 11937 vita
690 11908 738 11937 om·
777 11891 870 11938 belluina·
887 11898 920 11939 Sic
930 11899 1146 11957 Pythagorasdicebat
1157 11903 1178 11945 sc
1192 11903 1241 11947 olim

222 11940 224 11942 ’
269 11939 577 12005 ,ηὶωῃὲρωὶηυωᾴίειιῑωω
585 11952 664 12017 uittam
676 11952 737 11996 intel·
775 11949 832 11997 soille
843 11952 998 12011 Euphorbum,
1011 11959 1145 12016 Empedocles
1158 11954 1241 12007 sensim

1097 12019 1237 12066 ffurffc
