7350 12967
276 8487 330 8565 16
428 8481 622 8596 Disputl.
659 8485 913 8587 DeVita,&
926 8490 1079 8581 ‘Monet

268 8613 341 8669 plantis
349 8615 441 8671 pedum,
452 8620 473 8657 &
480 8615 501 8657 in
509 8613 550 8656 aliis
557 8613 647 8673 partibus
658 8636 663 8658 :
678 8617 704 8660 lic
714 8624 762 8665 &A
774 8623 829 8678 quod
840 8638 995 8685 natutaeopera,
1006 8627 1175 8683 generationis,&
1182 8631 1233 8673 inte·

269 8675 363 8715 meminit
375 8678 402 8714 de
413 8674 546 8714 incarnatione
560 8674 674 8730 particulari
687 8677 732 8733 plu-

270 8731 322 8771 rium
335 8730 474 8784 particularum
492 8728 553 8771 nostri
571 8734 666 8787 corporis.
692 8736 733 8777 Sed

270 8786 359 8829 maxime
368 8787 435 8829 insistit
443 8790 466 8827 'in
477 8786 579 8843 spirituum
585 8789 735 8843 instauratione,

270 8848 292 8885 &
300 8843 456 8899 ratificationem
464 8860 505 8901 qua
514 8847 607 8887 homines
620 8851 641 8888 in
648 8850 734 8904 juvenili

270 8916 327 8943 attare
346 8900 457 8944 conservati
474 8899 528 8959 posse
546 8904 635 8946 affirmat.
657 8909 734 8951 Laudat

272 8962 342 9014 opium
350 8960 500 9016 quammaxime
509 8991 515 9008 ,
523 8967 543 9004 dc
550 8965 615 9017 opiata
623 8968 655 9010 ,δι
665 8970 734 9007 omnia

271 9017 432 9071 quaeconserunt
441 9022 460 9059 in
471 9018 524 9074 peste
537 9037 541 9057 ι
557 9033 630 9075 aquam
638 9021 734 9066 mlliilati·

271 9078 319 9115 tr'am
327 9090 353 9115 ex
368 9089 467 9131 papavere
482 9076 566 9132 sylvestri
575 9080 678 9133 ,pulveres
689 9082 734 9122 ber·

271 9130 300 9171 brt
309 9134 380 9188 dapba
390 9165 396 9182 ,
408 9135 524 9175 &radicem
537 9134 600 9184 berei,
614 9139 634 9177 in
649 9138 733 9182 Oriente

271 9188 297 9229 ab
310 9192 362 9231 ludis
376 9191 483 9239 usitatam,
496 9194 603 9240 tabacum,
616 9195 733 9246 theriacam,

271 9248 410 9291 mithridatum
418 9280 424 9297 ,
433 9248 521 9291 miserum
529 9282 535 9298 ,
542 9250 657 9302 laudanum,
664 9256 733 9297 diaco-

774 8683 823 8722 ritus
835 8686 880 8723 lunt
894 8684 1021 8725 inevitabilia
1045 8689 1100 8727 Tum
1116 8690 1163 8743 quia
1175 8688 1233 8731 arbor

773 8740 856 8782 Paradili
868 8740 880 8781 tl
891 8742 939 8781 Deo
953 8757 1017 8783 creata
1027 8745 1053 8784 ad
1072 8743 1233 8799 prolongandam
1264 8748 1265 8751 ’

774 8800 845 8844 vitam,
853 8799 934 8838 tandem
942 8814 980 8840 nec
989 8803 1074 8841 omnino
1083 8803 1195 8843 naturalem
1201 8806 1230 8844 vi-

774 8868 823 8895 taret
835 8869 919 8897 mortem
934 8873 940 8899 s
964 8857 1033 8899 frustra
1050 8862 1103 8899 enim
1123 8860 1232 8903 Paraeelsus

774 8925 819 8951 cunr
829 8911 865 8953 suis
874 8915 985 8970 imposturis
998 8919 1094 8972 promittit
1105 8916 1156 8960 illam
1164 8920 1230 8960 vitare

774 8971 828 9010 Tum
841 8974 888 9025 quia
901 8976 990 9028 potentia
1003 8975 1043 9015 Dei
1055 8975 1152 9014 ordinaria
1167 8974 1187 9015 se
1199 8991 1232 9016 ac-

773 9029 887 9069 commodat
898 9045 945 9070 cum
961 9034 982 9071 iis
1000 9031 1126 9072 inferioribus
1141 9034 1166 9073 ad
1182 9048 1231 9088 ope

773 9086 875 9127 randum:
893 9091 914 9127 dc
927 9090 973 9131 cnm
985 9088 1071 9129 calidum
1087 9091 1107 9130 in
1124 9089 1232 9134 humidum

773 9155 834 9197 agens
844 9143 953 9185 necessario
966 9145 1051 9187 resolvat
1061 9145 1122 9195 illud,
1136 9147 1176 9189 sine
1187 9163 1230 9204 quo

774 9204 813 9241 vita
825 9205 895 9256 nequit
906 9217 1030 9258 permanere,
1041 9201 1183 9249 necessaridde
1193 9221 1231 9261 po-

773 9262 834 9300 tentia
845 9262 886 9300 Dei
895 9264 994 9303 ordinaria
1002 9262 1062 9303 debet
1069 9278 1121 9303 mors
1134 9262 1230 9319 superve-

271 9304 319 9345 dion
327 9336 333 9353 ‚
341 9304 484 9355 diascordium,
497 9322 540 9363 quat
553 9307 667 9351 historicum
674 9328 731 9354 com-
742 9322 758 9361 Β
773 9319 822 9355 nire.
844 9319 898 9358 Tum
908 9322 955 9373 quia
962 9319 1163 9363 humidumtadieale
1172 9321 1231 9363 desti-

270 9365 369 9406 mendant
378 9364 436 9406 illum
448 9394 454 9411 ,
465 9379 505 9406 non
519 9380 585 9408 tamen
598 9369 732 9423 peritissimum

271 9419 379 9477 Phystcum
385 9452 391 9470 ,
398 9438 430 9465 aut
439 9424 549 9465 Medicum¹

300 9480 400 9522 Probatur
408 9477 468 9522 tertio
474 9480 503 9521 ab
508 9484 637 9537 experientia,
643 9498 687 9539 quat
694 9484 731 9524 do-

269 9549 303 9577 cet
315 9536 371 9579 usum
384 9553 456 9586 retum,
463 9552 499 9594 per
506 9553 555 9595 quas
563 9540 692 9596 prolongatur
700 9546 731 9583 vi-

269 9607 299 9641 ta,
309 9596 359 9637 inter
370 9609 417 9652 quas
430 9594 474 9637 sunt
482 9600 587 9651 regiones,
596 9600 616 9638 in
623 9599 694 9653 quibus
702 9600 730 9641 ob

268 9651 315 9693 coeli
325 9684 331 9701 ,
347 9658 368 9695 δι
379 9654 429 9695 raris
439 9652 566 9697 clementiam
573 9686 579 9703 ,
587 9660 607 9697 δι
617 9656 730 9711 benignita-

268 9722 309 9749 tem
329 9709 420 9753 homines
430 9714 518 9765 longavi
532 9713 595 9762 finnt,
606 9719 627 9755 &
640 9712 689 9769 sape
697 9717 729 9756 vi-

268 9780 318 9807 vunt
329 9767 379 9810 ultra
385 9782 446 9809 annos
452 9782 535 9811 centurn
544 9773 565 9811 &
572 9772 676 9824 viginti,ut
683 9786 729 9813 nar-

267 9836 311 9865 rant
326 9828 430 9869 Authores
442 9826 469 9867 de
481 9827 625 9870 habitatoribus
637 9828 729 9872 ininsula

268 9882 397 9938 Taprobana,
404 9887 424 9924 δὲ
432 9886 452 9924 in
460 9884 509 9925 urbe
517 9888 584 9927 Reana
591 9887 670 9927 dida-in
679 9890 729 9931 Ara·

267 9936 300 9980 bia
309 9940 368 9983 felici.
383 9945 459 9984 Sunt&
469 9943 506 9984 alia
515 9944 575 9984 vitam
584 9944 730 9999 prolonganda,

771 9388 839 9416 natum
848 9388 885 9430 pro
898 9379 939 9417 vita
953 9375 1092 9419 conservanda
1101 9391 1137 9432 per
1148 9392 1230 9422 centum

770 9444 845 9481 annos,
854 9435 924 9488 nequit
932 9434 981 9476 ultra
991 9436 1083 9490 progredi
1091 9435 1132 9475 fine
1139 9451 1194 9478 novo
1201 9435 1230 9479 sui

770 9490 906 9531 additamento
919 9506 924 9535 5
942 9498 997 9543 quod
1006 9492 1033 9535 est
1042 9492 1170 9547 impossibile,
1182 9494 1229 9537 curn

771 9561 857 9601 nequeat
869 9547 912 9589 fieri
925 9550 991 9591 nisiex
1000 9552 1101 9606 principiis
1113 9558 1226 9606 generatio-

770 9605 801 9644 nis
812 9636 817 9653 ,
829 9612 850 9647 ὃς
859 9608 880 9647 in
892 9621 948 9647 utero
956 9611 1023 9650 mattis
1033 9606 1104 9649 denud
1116 9614 1229 9663 generantis

770 9662 830 9704 talem
840 9664 951 9705 bominem.
968 9670 1023 9708 Turn
1033 9668 1079 9721 quia
1090 9665 1103 9707 fi
1116 9666 1229 9709 Paracelsus

769 9732 867 9775 nugatur,
876 9724 933 9777 quod
940 9723 981 9764 vult
988 9726 1050 9765 vitam
1056 9721 1228 9773 conservare,cum

768 9774 806 9819 suis
818 9780 966 9822 medicamentis
978 9780 1061 9822 deberet
1076 9781 1182 9822 humidum
1194 9797 1227 9823 ra-

768 9836 832 9877 dicale
841 9851 951 9893 reponere:
966 9837 1052 9880 sederim
1059 9836 1093 9878 illis
1100 9852 1144 9893 quat
1155 9843 1228 9899 Spagy-

769 9896 810 9935 rica
816 9909 856 9937 arte
862 9909 969 9951 praeparare
975 9896 1069 9941 intendit,
1075 9896 1227 9950 potibsresolvit

770 9950 831 10007 quim
842 9955 929 10009 adauget
942 9955 1046 9996 humidum
1061 9955 1161 9998 radicale:
1177 9968 1227 10010 ergo

267 10010 290 10036 ut
304 10002 403 10041 exFicino
410 10000 492 10040 deducit
500 10000 640 10043 Torreblanca
656 10007 686 10044 Sic
695 10006 756 10059 jis-C
770 10010 839 10067 inepte
852 10011 885 10054 illa
901 10010 959 10053 offert
973 10016 993 10054 in
1004 10012 1064 10053 talem
1075 10010 1142 10054 finem.
1170 10016 1227 10056 Tum

268 10068 301 10095 vat
311 10057 372 10111 proba
386 10070 485 10113 compago
497 10057 672 10115 eorporis,forma,
680 10074 730 10105 tem-

268 10114 331 10167 peries
339 10146 344 10161 ,
353 10114 398 10156 coeli
409 10115 531 10163 clementia,
543 10119 631 10172 regionis
638 10117 730 10161 observa-

267 10172 296 10211 tio
309 10200 314 10215 ‚
326 10186 347 10213 ac
358 10172 444 10221 bonitas,
453 10176 515 10215 naus
525 10187 581 10215 cauta
594 10178 654 10223 ratio,
663 10192 729 10219 rerum

267 10228 346 10271 utilium
359 10227 483 10277 observatio,
497 10234 629 10286 temperantia
640 10236 660 10274 in
673 10237 729 10276 omni

267 10286 332 10326 vidus
342 10288 556 10345 ratione,volttptaturu
563 10288 623 10343 suga,
631 10290 729 10335 habitatio

266 10342 348 10385 inlotis
363 10350 491 10402 temperatis,
510 10359 554 10403 quat
563 10348 609 10391 cnm
622 10345 634 10388 ὲ
648 10352 728 10392 medico
769 10360 771 10362 ’

266 10400 373 10459 cognosci,
385 10408 407 10445 δι
417 10402 511 10460 praescribi
520 10396 610 10451 valeant,
624 10408 693 10449 mediis
705 10412 728 10450 iis

266 10458 332 10512 potest
355 10464 454 10505 medicina
469 10463 579 10521 humanam
598 10464 659 10507 vitam
678 10480 728 10522 pro-

267 10516 361 10575 longare.

452 10622 470 10667 §.
487 10620 534 10664 lll,

298 10720 368 10771 Nequit
373 10728 471 10773 prorogata
480 10729 527 10757 mors
533 10718 694 10773 amainoimpediri.
734 10718 756 10759 D

262 10850 263 10853 ,
315 10809 450 10855 Esolvendum
459 10810 549 10856 secundd
557 10814 624 10868 ,quod
636 10814 683 10859 licet
690 10832 727 10859 va-

291 10902 301 10921 „
315 10868 353 10912 leat
364 10872 456 10913 Medicus
467 10874 511 10913 vitae
524 10871 635 10913 naturalem
643 10874 726 10928 prolon-

265 10922 312 10981 gare
325 10932 452 10977 terminum,
470 10932 541 10986 nequir
556 10928 609 10971 illum
624 10934 726 10989 impedire.

266 10988 297 11026 Sic
304 10984 443 11042 proposuimus
455 10986 684 11042 tom.1.&tam-2.serl.r.
696 11008 725 11034 re-

260 11040 328 11097 soluti
336 11062 351 11085 2.
357 11050 376 11094 ς.
382 11061 398 11097 5.
407 11049 427 11085 or
434 11058 503 11087 tenent
510 11047 565 11092 citati
571 11042 584 11085 a
591 11047 648 11087 nobis
657 11048 725 11101 Pansa,

266 11100 370 11150 Vallelios,
379 11102 485 11147 Villanova
492 11102 618 11149 ‚cardinum
628 11108 726 11151 &omnes

243 11203 246 11205 ,
264 11159 343 11205 Medici
353 11162 469 11217 Dogmaticj
481 11157 596 11218 ,pracipud
608 11164 725 11219 Freztagius

263 11218 283 11256 in
292 11218 373 11260 torribus
383 11220 474 11265 Medicis,
489 11224 525 11274 qui
538 11222 607 11265 acriter
618 11223 725 11278 impugnat

262 11276 346 11333 ineptias
354 11276 466 11331 aliquorum
478 11276 619 11333 nebulonum,
630 11284 666 11334 qui
677 11294 725 11336 pro·

262 11334 346 11377 mittunt
358 11332 412 11391 posse
428 11334 556 11390 iuventutem
568 11334 690 11395 prolongare
702 11342 724 11381 in

769 10071 817 10122 quia
830 10068 882 10110 nulli
890 10084 969 10125 optaret
980 10066 1091 10113 Paracelsus
1108 10074 1169 10113 vitam
1182 10086 1227 10113 ma-

770 10129 800 10180 gis
810 10126 930 10183 prolongare
940 10126 1001 10184 qudm
1011 10127 1046 10168 sibi
1063 10126 1096 10182 ipsi
1113 10148 1118 10169 z
1138 10127 1173 10171 sed
1185 10128 1228 10185 ipse

769 10187 818 10226 intra
825 10185 998 10239 quadragefirnum
1009 10198 1084 10226 annum
1093 10187 1226 10233 mortuuseslr

769 10255 818 10299 ergo
824 10241 972 10299 supervacanea
982 10243 1010 10286 est
1017 10246 1060 10299 ejus
1072 10244 1175 10298 promissio.

1085 10360 1223 10370 .—--.-..

791 10419 983 10471 Rasotvrro
1009 10422 1199 10472 Uunrcrarn,

767 10515 848 10574 Utrum
864 10517 907 10562 vita
921 10510 1019 10564 hnmana
1032 10516 1182 10567 constitutam
1192 10516 1226 10585 [εξ

802 10585 915 10642 nedum,
943 10582 1010 10651 possit
1028 10587 1143 10637 retrotrahi
1159 10590 1189 10639 ad

891 10670 1009 10728 praetentas
1024 10675 1101 10709 aetates.

974 10770 994 10815 §.
1015 10768 1029 10808 I.

795 10852 900 10905 proponitur
912 10861 957 10905 pars
971 10848 1103 10901 affirmntma,
1119 10854 1143 10902 ἀ
1156 10858 1196 10909 ejus

949 10913 1041 10950 tutelares.
1212 10926 1215 10927 ’

764 10987 940 11097 PRoposuimus
952 10992 1005 11034 hanc
1015 10992 1151 11037 difficultatem
1158 11006 1224 11049 1er

800 11045 844 11101 seri.
855 11066 871 11091 r.
888 11050 1000 11093 Paracelsus
1010 11055 1110 11104 ‘maximus
1123 11053 1225 11109 impostor²

765 11120 787 11146 ut
803 11103 845 11147 suas
861 11112 985 11163 operationes
999 11109 1096 11152 chimicas
1115 11110 1226 11160 extolleret,

764 11166 861 11219 promittit
873 11166 993 11209 miraculum
1001 11181 1026 11207 cx
1038 11168 1088 11215 illis,
1102 11174 1122 11212 δί
1130 11168 1204 11224 quods
1215 11195 1225 11203 ·

764 11222 849 11272 nesius,
860 11229 881 11267 &
894 11227 968 11280 quaevis
979 11238 1025 11266 actas
1039 11226 1134 11282 posterior
1148 11230 1224 11282 poterit

765 11281 872 11321 retrotrabi
883 11284 908 11325 ad
921 11286 1023 11339 praeteritas
1043 11298 1108 11335 attatcs
1126 11299 1173 11332 cum
1187 11284 1224 11327 suo

765 11342 865 11380 mercurio
874 11343 937 11389 vitat,
954 11356 988 11383 aut
1002 11355 1049 11385 cum
1061 11342 1133 11390 elixis,
1146 11346 1166 11390 ἃ
1182 11342 1224 11386 aliis

262 11404 360 11435 aternum
368 11422 375 11440 ,
384 11395 420 11450 qui
426 11394 493 11449 potins
500 11393 610 11441 irridendi,
619 11400 641 11437 &
652 11395 725 11439 exfibi.
734 11404 750 11445 Ε
764 11393 803 11437 suis
812 11396 905 11439 cbimicis
914 11399 1020 11448 remediis,
1032 11399 1066 11447 uel
1075 11400 1101 11443 ab
1108 11398 1150 11455 ipso
1160 11399 1224 11455 sadis,

257 11446 338 11549 lang)
352 11450 418 11507 quarn,
424 11450 520 11495 audiendi
529 11450 585 11499 suut,
598 11465 632 11494 aut
641 11454 724 11513 impug-

263 11520 303 11547 nan
319 11522 332 11547 t.
415 11547 416 11550 ,

292 11562 389 11611 Probatur
400 11581 460 11615 ,tuns
474 11579 501 11609 ex
515 11567 542 11609 D.
553 11568 616 11612 Paulo
628 11571 723 11621 docente,

261 11623 319 11678 quod
329 11623 356 11676 cst
367 11624 459 11678 statam
468 11623 546 11666 omnibus
557 11625 655 11672 haminibus
663 11628 723 11684 semel

252 11684 311 11721 mori.
328 11682 436 11739 Tumqula
448 11683 583 11740 Hippocrates
591 11687 722 11745 docet,quod

259 11742 493 11795 calorqot'oatnaoifim,
500 11744 608 11789 oos'occt'dt't.
621 11747 722 11790 &atenim

259 11810 314 11839 mors
324 11798 535 11847 hominis'identisicatn
544 11815 591 11843 cnm
597 11802 664 11847 calore
671 11835 677 11853 ,
684 11819 722 11863 pet

251 11867 321 11912 >quem
330 11857 419 11909 vivimus
433 11860 489 11901 Turn
495 11860 542 11917 quia
547 11858 640 11903 Galenus
652 11865 719 11913 docet,

257 11913 316 11970 quod
328 11913 406 11959 nullum
414 11912 446 11956 est
457 11915 529 11967 animal
538 11914 683 11972 insenescibilc,
696 11929 718 11970 &

219 11971 222 11977 ’
242 11973 316 12030 :quod
324 11986 386 12024 omne
397 11974 531 12035 genitumest
539 11974 683 12034 corruptibile,
694 11986 717 12029 ὅς

765 11454 798 11494 vel
808 11450 819 11495 a
832 11451 867 11497 suo
879 11453 1045 11499 satore‘daemone
1054 11458 1157 11513 promissis·
1167 11462 1224 11503 Deo-

764 11512 822 11555 datus
834 11513 859 11555 illi
877 11515 981 11557 adhaerens
993 11514 1059 11571 aliqua
1073 11520 1165 11574 proponit
1174 11517 1224 11559 fun-

763 11570 859 11613 damenta
870 11573 896 11615 ad
908 11572 1054 11623 honestandam
1064 11572 1117 11619 hanc
1128 11574 1224 11632 impostu-

759 11640 808 11669 ram.
830 11630 968 11676 Torreblanca
978 11660 984 11678 i
994 11637 1015 11674 δι
1025 11634 1109 11688 Areyes'
1119 11649 1163 11676 non
1175 11650 1224 11691 'om-

758 11684 812 11728 nind
826 11688 908 11732 deviant
920 11688 933 11732 ὲ
946 11689 1048 11737 neonae..
1068 11689 1139 11735 Valles.
1152 11693 1224 11735 Fczta-

760 11744 822 11799 gius,
835 11746 1049 11799 Petamatus‚-Pansa,
1063 11748 1223 11797 Cardannsirri

759 11804 810 11847 dent
820 11804 862 11848 boe
874 11806 1013 11863 figmentum,
1029 11806 1088 11860 quod
1100 11820 1169 11857 contra
1184 11811 1224 11853 aa·

759 11862 854 11906 racelsum
863 11868 968 11922 convincit
978 11864 1083 11909 Lotieltius
1094 11868 1115 11909 in
1124 11866 1165 11908 hoc
1179 11870 1224 11925 epi-

758 11933 877 11977 gramnne.
934 11960 936 11965 ,
1035 11948 1038 11951 -
1107 11940 1122 11975 3.

769 11977 1224 12082 ,sipmtxntdnrmssradaoprdoapdrtae

895 12046 901 12049 ”
1029 12041 1031 12044 ’
1056 12051 1061 12061 ‘
1129 12047 1164 12083 Sca
1189 12043 1224 12083 ala
