7350 12967
292 8614 375 8669 120
429 8586 631 8699 Disputl.
667 8586 737 8670 De
754 8583 922 8680 Vtra&
939 8584 1087 8671 Morte

287 8727 356 8768 peram
368 8720 459 8759 arteriam
471 8736 476 8765 5
494 8726 513 8760 δι’
524 8716 637 8773 propellunt
649 8731 684 8773 per
696 8714 739 8756 fau·
751 8718 771 8759 A
811 8716 956 8757 Arteriaeleves
966 8731 1006 8758 non
1017 8712 1195 8771 solltmpericulntn
1203 8716 1241 8754 mi-

287 8784 320 8813 ces
331 8773 443 8823 tuffiendo,
457 8792 478 8815 ut
489 8776 593 8830 adjuvetur
608 8789 672 8815 motus
684 8788 739 8814 eom-

287 8829 388 8886 ptellrouis
396 8834 510 8889 pulmonis,
523 8835 558 8888 qui
569 8829 620 8872 solus
634 8846 674 8872 uon
687 8828 742 8873 suffi-

288 8901 348 8928 cerer.

610 8991 739 9006 ---·v-

347 9047 536 9092 Rrsotvtro
574 9048 691 9095 XXVII.

289 9149 369 9194 Utrum
388 9143 490 9193 vasorum
515 9152 628 9210 repentina
645 9146 744 9196 occlusro

320 9222 343 9264 ru
357 9214 501 9287 pulmonibus
514 9216 583 9264 valeat
596 9216 637 9265 effe
650 9217 713 9267 caula

411 9303 486 9334 mortis
497 9305 622 9358 repentine.

491 9401 508 9444 ς,
535 9397 548 9437 l.

317 9496 417 9529 ‘patrantur
430 9484 478 9540 vasa
488 9492 589 9542 pulmonum
601 9506 636 9546 que
645 9488 717 9545 peffant

485 9547 556 9586 accludr.

289 9628 362 9729 INter
374 9624 430 9674 vasa,
444 9641 488 9681 quat
500 9627 576 9684 possunt
585 9629 663 9669 occludi
673 9633 691 9669 in
703 9643 744 9671 toto

309 9698 393 9739 corpore
404 9685 430 9724 ab
441 9686 548 9727 humorum
560 9686 693 9740 plenitudine,
706 9701 743 9740 po·

289 9744 317 9780 nit
325 9744 457 9796 Hippocrates
468 9764 486 9793 4,
495 9747 516 9782 de
524 9749 657 9784 mauretanias
667 9776 671 9793 ,
682 9758 745 9784 venas

288 9800 345 9838 tutius
354 9802 446 9853 corporis.
463 9804 500 9842 Pro
508 9815 562 9841 nunc
570 9798 631 9843 solitus
637 9806 712 9856 agimus
718 9804 744 9842 de

288 9857 364 9894 viarum
376 9856 490 9898 occlusrone
504 9863 523 9899 in
539 9857 682 9912 pulmonibus,
699 9873 744 9914 quae

289 9925 386 9952 vorantur
398 9917 486 9962 arteriae,
501 9929 526 9955 cx
538 9930 578 9972 qua
589 9921 679 9967 provenit
690 9932 744 9958 mors

288 9973 397 10021 repentina.
419 9974 468 10013 Sunt
476 9972 593 10027 pulmonum
600 9979 671 10015 atteriae
680 9978 699 10015 in
707 9976 744 10015 dtr-

289 10026 335 10081 plici
345 10024 456 10071 differentia
468 10050 472 10071 :
487 10032 526 10070 altae
534 10031 627 10071 dicuntur
635 10036 708 10074 arteriae
715 10030 743 10072 as-

290 10096 341 10136 perat
354 10114 359 10130 ,
372 10086 412 10127 aliae
421 10092 496 10128 arteriae
507 10091 562 10129 latres
575 10087 681 10142 pulmonis,
703 10087 743 10130 As-

289 10154 342 10195 perae
360 10147 431 10184 arteriae
442 10142 528 10200 dispersae
545 10159 580 10199 per
594 10145 697 10199 pulmones
708 10150 745 10189 ad-

288 10201 369 10240 mittunt
382 10208 449 10243 aerem
464 10199 712 10257 respirationeattraelurn,
724 10222 745 10246 ut

289 10257 391 10304 diximus,
406 10264 426 10301 δι
439 10260 528 10312 praeliant
541 10262 615 10299 exitum
626 10275 661 10316 pro
675 10260 744 10316 fuligi-

288 10316 346 10353 nibus
358 10345 363 10360 .
376 10329 411 10356 nec
423 10315 480 10357 aliam
496 10318 556 10357 nrelae
571 10314 615 10358 strnt
630 10319 745 10361 naturaiiter

289 10374 403 10420 materiam,
413 10388 447 10414 aut
457 10372 589 10416 substantiam.
602 10376 709 10417 Laedunrnr
721 10381 741 10419 in

289 10424 491 10482 suisoperationibus,
503 10431 515 10472 li
523 10430 635 10486 supervenit
644 10433 681 10475 illis
689 10450 740 10476 rnor-

290 10484 355 10527 busin
368 10491 452 10530 cavitate
461 10517 466 10534 ‚
477 10488 509 10529 seu
518 10488 656 10544 angustiemur
665 10512 669 10533 ι
684 10497 741 10548 quod

290 10546 385 10598 provenit
392 10560 416 10585 a»
425 10545 513 10601 agustia
534 10545 676 10594 nnllrue'tione,
684 10565 742 10590 com-

290 10600 743 10654 perimereteructatione.contuitionem.

783 8786 855 8813 uantur
863 8802 868 8818 ,
876 8788 973 8827 quatenus
987 8775 1053 8815 valent
1065 8776 1199 8828 comprimere
1211 8786 1242 8811 ar.

783 8832 841 8869 terias
855 8827 931 8885 asperas
945 8861 951 8879 ‚
964 8827 996 8871 sed
1012 8835 1071 8872 etiam
1084 8844 1181 8885 quatenus
1196 8828 1242 8883 ipsae

784 8882 863 8941 potsunt
871 8888 965 8928 coarctari
972 8917 977 8933 ‚
985 8892 1005 8928 &
1013 8889 1103 8943 impediri
1113 8893 1133 8927 in
1141 8885 1177 8927 suis
1183 8888 1240 8927 aare,

784 8945 855 8991 nibus,
866 8944 1080 8999 srveeomprimantur,
1094 8944 1241 8985 srveobstruan·

783 9016 829 9046 tur,
844 9016 864 9041 ut
879 9005 1004 9044 convincitur
1018 9003 1030 9043 a
1047 9003 1126 9043 Galerio
1143 9001 1172 9041 ab.
1183 9020 1202 9049 4.
1218 9003 1242 9040 de

784 9060 815 9097 lor.
826 9058 883 9113 affec]
890 9073 926 9113 carp.
934 9063 1012 9104 vltrma,
1023 9064 1043 9101 in
1053 9059 1132 9101 historia
1139 9062 1241 9114 Antipatri

784 9117 866 9156 Medici.
880 9118 909 9156 Fit
922 9117 1001 9159 latrium
1008 9121 1120 9159 arteriarum
1130 9114 1239 9156 obstructio

783 9171 837 9214 simili
846 9175 908 9214 modo
918 9172 996 9217 beatulis
1007 9189 1071 9230 nuper
1079 9173 1190 9231 propontis.

972 9290 991 9333 t.
1018 9284 1049 9322 rr.

757 9366 866 9443 BVasorum
882 9374 973 9428 pulmonis
992 9369 1082 9411 obturatio
1096 9374 1171 9426 panitur
1191 9374 1240 9411 inter

892 9428 953 9483 causas
965 9441 1026 9469 mortu
1038 9443 1137 9484 repensam.

827 9516 959 9560 Esolvendum
975 9520 1051 9573 ,quod
1065 9521 1169 9574 repentina
1183 9515 1240 9558 vaso-

827 9590 869 9615 rum
882 9591 909 9631 pu
918 9581 982 9616 monis
995 9577 1080 9617 occlusto
1089 9577 1151 9619 totalis
1158 9574 1187 9616 est
1194 9590 1240 9616 tau·

782 9640 801 9673 la
814 9636 882 9673 mortis
897 9636 1010 9688 repentinae.

811 9691 908 9730 Probatur
918 9687 982 9745 prims>
995 9704 1019 9730 ex
1030 9687 1107 9730 Galeno
1118 9691 1240 9741 lrb4deloc.

782 9743 885 9802 affiafficap.
892 9753 958 9789 vlrrma
969 9778 974 9793 ,
984 9747 1018 9787 ribi
1030 9745 1087 9787 refert
1100 9747 1124 9788 de
1134 9751 1239 9804 Antipatro

783 9810 883 9853 arctico,
899 9807 957 9860 quod·
969 9809 1013 9846 cunr
1031 9801 1124 9845 incidisset
1138 9810 1157 9847 in
1172 9806 1241 9847 diffici-

783 9860 822 9902 lenr
836 9867 986 9918 retprariontm
995 9875 1041 9901 tum
1060 9863 1124 9916 pulsus
1139 9862 1242 9919 inaequali-

783 9933 822 9960 tate
830 9921 986 9969 omnimoda,ob
995 9920 1120 9967 tuberculum
1128 9935 1161 9960 aut
1169 9919 1239 9962 craffos

784 9973 851 10017 suctos
864 9977 992 10019 ottlndentes
1003 9980 1094 10026 arterias,
1106 9978 1149 10033 ipsis
1159 9978 1240 10019 occlusis

784 10033 867 10090 repente
876 10037 933 10076 obiit.

757 10087 775 10127 C
813 10093 909 10133 Probatur
922 10091 1008 10134 l'etundb
1023 10111 1027 10131 ι
1044 10092 1117 10147 Omnis
1131 10089 1242 10146 strangula-

784 10151 810 10187 tio
829 10153 932 10205 repentina
945 10151 1034 10192 auferens
1050 10146 1195 10204 respirationem
1211 10149 1240 10191 af-

784 10203 823 10246 fert
839 10222 923 10247 mortem
936 10210 1061 10263 repentinam
1074 10235 1080 10253 ‚
1098 10209 1144 10259 quia
1154 10205 1239 10248 omninb

784 10265 881 10319 intercipit
895 10264 1039 10320 respirationem
1056 10282 1060 10302 :
1077 10265 1114 10304 Sed
1124 10266 1240 10304 arteriarum

783 10321 872 10363 ottiurio
885 10326 986 10378 repentina
1000 10319 1084 10378 repente
1096 10323 1194 10376 intercipit
1203 10319 1241 10361 res-

784 10381 901 10430 pirationem
915 10411 920 10427 ,
935 10387 955 10423 ts:
968 10384 1015 10422 aeris
1029 10377 1132 10420 transitum
1146 10381 1172 10420 ad
1191 10393 1238 10419 cor:

782 10437 836 10491 Ergo
854 10441 982 10491 repentinam
1000 10451 1085 10478 mortem
1103 10432 1167 10477 causat
1179 10465 1185 10482 ‚
1199 10435 1239 10476 live

784 10491 816 10533 liat
828 10506 853 10534 er
864 10498 955 10550 angustia
966 10494 1049 10549 alicujus
1062 10492 1189 10535 instrumenti·
1203 10496 1240 10535 de-

782 10548 884 10592 servientis
897 10551 1029 10608 respirationi,
1041 10567 1062 10591 ut
1076 10552 1174 10607 pulmonis
1181 10568 1187 10597 5
1199 10551 1240 10592 sive

781 10610 801 10647 in
815 10607 875 10665 spatio
889 10613 939 10651 iuter
952 10613 1054 10651 tlaoraeem
1068 10635 1074 10654 ‚
1088 10614 1108 10649 b:
1119 10610 1239 10665 pulmonem,

289 10658 433 10702 fitobsttuttio
441 10659 452 10701 a
460 10663 520 10703 craffis
531 10659 590 10702 suecis
599 10664 742 10706 inhaerentibus
783 10665 822 10706 sive
836 10672 854 10706 in
866 10668 909 10721 ejus
921 10671 1020 10717 cavernis,
1033 10667 1072 10708 live
1086 10671 1104 10707 in
1112 10666 1240 10722 laryngetfi-

289 10717 309 10755 in
317 10716 435 10770 pulmonum
444 10719 545 10760 bronchiis
555 10720 581 10760 ibi
592 10724 673 10775 genitis,
685 10722 742 10763 autb
784 10738 809 10763 ve
826 10727 847 10764 in
860 10739 928 10779 aspera
942 10728 1028 10773 arteria,
1042 10739 1074 10766 aur
1091 10724 1182 10767 musculis
1195 10739 1240 10781 pro·

290 10775 356 10827 eapite
367 10774 473 10817 tratrtmiffis
483 10807 488 10819 ,
499 10793 530 10819 aut
541 10775 551 10817 ai
561 10792 602 10817 turo
610 10793 699 10834 corpure.
715 10784 744 10822 rit
756 10770 775 10809 D
784 10780 850 10822 bibeat
864 10785 914 10822 aeris
932 10780 1039 10838 ingressum
1054 10814 1059 10831 ,
1074 10783 1112 10822 sive
1131 10783 1240 10837 fuliginum

289 10833 348 10871 etiam
357 10831 462 10875 obstructio
473 10833 744 10886 acrudotrtbercul0,craffo
784 10836 881 10894 egressum
893 10857 899 10885 5
915 10840 953 10880 live
969 10844 1073 10895 proveniat
1087 10842 1113 10881 ab
1127 10839 1240 10880 infiamma-

238 10913 242 10920 ‹
291 10888 517 10943 vapore,2tcar·rrncula,
530 10892 630 10938 vesicula,
638 10894 745 10937 vermibus·
784 10900 970 10953 tione,utangina3
985 10898 1023 10938 lire
1031 10899 1056 10938 ab
1064 10899 1149 10939 humore
1155 10898 1193 10939 alio
1201 10896 1241 10939 suf·

291 10950 349 10986 vein
364 10948 457 11001 pulmone
474 10952 561 11005 genitis,
578 10947 589 10989 a
610 10949 703 11008 sanguine
719 10969 745 10994 ex
783 10952 1187 11009 foraneitatemcoarctantefistulam
1197 10954 1240 11010 pul-

291 11014 383 11056 gutture,
397 11004 508 11062 oelophago
517 11040 522 11056 ,
531 11024 576 11056 ore,
588 11009 682 11061 pulmone
694 11043 699 11059 ‚
711 11027 745 11053 aut
785 11015 859 11060 monis,
868 11012 907 11052 rive
916 11014 1058 11069 epiglottitiem.
1073 11016 1109 11054 seo
1117 11015 1198 11058 arteria,
1206 11027 1241 11054 va-

290 11062 372 11103 tborace
385 11064 490 11105 vulnerato
501 11063 680 11113 tranrhtrllo,autl
693 11084 745 11125 pure
784 11067 827 11110 save
839 11070 938 11125 pulmonis
954 11072 1097 11127 propinquiora
1111 11069 1155 11111 sunt
1167 11068 1241 11111 instru-

291 11132 349 11172 rupto
359 11117 449 11161 abscessu.
462 11122 557 11176 Angustia
566 11124 639 11164 horum
654 11125 744 11168 valorum
784 11141 850 11169 menta
866 11132 885 11168 in
901 11131 937 11169 iios
954 11131 1008 11170 lines.
1031 11129 1085 11184 Ergo
1104 11126 1144 11184 ipsa
1159 11126 1241 11184 repente

291 11173 314 11217 fit
321 11179 378 11218 erinna
389 11180 561 11235 compreffioneab
571 11178 643 11222 eisdem
651 11183 744 11238 caufis,vsi
785 11185 883 11228 obstructa
896 11191 1003 11242 repentina:
1016 11189 1084 11227 mortis
1095 11184 1212 11227 suntcansae.

291 11230 328 11274 smt
342 11237 360 11274 in
371 11234 450 11277 levibus
459 11241 547 11283 arteriis,
562 11242 625 11281 autin
637 11242 743 11295 pulmone5
812 11244 909 11286 Probatur
923 11241 984 11286 tertib
1002 11260 1007 11282 :
1025 11248 1079 11285 Aere
1094 11244 1202 11285 deficiente
1219 11246 1240 11286 in

292 11290 453 11335 fivelrumoresin
462 11294 495 11336 illo
502 11309 630 11351 generentur,
638 11296 743 11340 rivttrtnt'-
784 11304 858 11347 eorde,
871 11301 939 11342 deficit
950 11299 1058 11342 necessario
1073 11306 1111 11344 vita
1123 11322 1127 11343 :
1144 11302 1181 11342 Sed
1196 11301 1241 11342 vans

292 11351 424 11392 mutenturab
434 11353 475 11393 aliis
486 11355 582 11408 partibus,
591 11353 662 11408 velper
671 11371 743 11397 venam
785 11359 887 11413 pulmonis
898 11360 990 11400 obturatis
1001 11390 1006 11406 ,
1019 11359 1087 11400 deficit
1099 11368 1132 11403 aer
1144 11364 1163 11401 in
1173 11361 1240 11401 corde.

291 11405 415 11455 arenosam,
426 11409 465 11451 sive
472 11411 574 11467 colligatur
580 11415 658 11464 aquarn
666 11414 743 11469 pulmo·
786 11420 839 11471 Ergo
847 11416 913 11458 deficit
924 11413 988 11458 subirb
1003 11420 1048 11457 vita
1069 11419 1165 11459 Probatur
1178 11418 1240 11472 major

294 11478 318 11504 ne
328 11496 333 11513 ,
344 11480 365 11506 ut
376 11469 396 11508 iu
410 11468 453 11522 ejus
470 11469 562 11525 hydrope
575 11484 580 11512 s
596 11468 635 11509 five
646 11484 670 11511 ex
684 11486 743 11526 rupto
768 11518 770 11520 v
785 11489 810 11515 ex
821 11477 877 11515 dislis
890 11505 896 11521 ‚
908 11473 977 11530 quiaa
991 11473 1103 11529 fuliginibus
1119 11474 1240 11517 suffocantur

292 11519 387 11573 abscessu,
395 11521 406 11564 a
414 11527 486 11580 quibus
497 11529 570 11569 arteriae
579 11525 651 11582 asperae
662 11532 745 11582 compri-
785 11530 876 11587 spiritus,
892 11537 912 11573 &
925 11536 971 11589 quia
987 11532 1067 11574 defeat
1078 11537 1126 11577 aeris
1136 11548 1241 11589 nequeunt

292 11593 391 11630 mutatur,
402 11582 450 11624 ficut
465 11585 486 11625 in
500 11584 619 11640 pulmonum
634 11584 745 11627 inflamma·
785 11591 817 11631 alii
830 11594 928 11645 generari.

292 11636 391 11688 tionibus,
402 11640 526 11689 mediastini,
539 11642 624 11698 autsepti
635 11641 745 11685 transversa.

294 11695 326 11736 Sic
338 11694 359 11735 lit
372 11699 486 11754 compressio
498 11700 627 11754 gibbositate,
643 11700 745 11744 vertebra-

258 11791 259 11794 ,
276 11764 278 11766 ·
292 11764 338 11793 mm
353 11751 463 11803 laxatione,
477 11762 612 11802 &vicinarum
623 11764 706 11813 partium
713 11774 745 11800 tn-

290 11808 384 11852 moribus.
400 11814 533 11857 Reficcarione
543 11817 565 11857 rit
575 11821 634 11857 etiam
644 11815 744 11874 compres-

289 11866 317 11908 sio
327 11865 438 11923 asperarum
446 11878 571 11923 arteriarum,
584 11875 623 11916 sive
630 11877 745 11917 communi·

291 11940 332 11969 cara
345 11924 357 11968 al
370 11929 574 11983 vaporibusacribus,
585 11932 662 11976 aurisve
675 11934 744 11977 metal

291 11984 347 12033 licis,
361 12002 383 12028 ut
390 11989 513 12037 Sennerrus,
523 11990 608 12045 Tyrillus
615 12022 621 12039 ‚
628 11994 685 12038 &alii
695 12008 744 12050 pro-

288 12040 402 12099 sequuntur.
729 12051 732 12054 ’

814 11649 911 11689 Probatur
928 11646 1002 11704 quartb
1019 11650 1044 11692 ab
1062 11663 1135 11691 eventu
1152 11652 1172 11693 in
1185 11657 1241 11697 variis

785 11702 955 11748 observationibus
965 11722 1036 11749 eorum
1046 11711 1082 11761 qui
1090 11710 1186 11760 impedito
1193 11715 1242 11755 a'e'ris

786 11760 871 11819 ingrellu
882 11766 908 11805 ad
926 11779 960 11805 cor
973 11763 1056 11821 repente
1070 11767 1141 11806 mortui
1155 11766 1241 11812 fuerunt.

787 11820 869 11877 Cuspius
883 11837 947 11864 narrat
959 11826 1072 11865 Henritum
1081 11826 1166 11876 Nigrum
1178 11831 1242 11878 impe,-

786 11895 870 11922 tatorem
887 11880 969 11936 repente
986 11878 1043 11922 fuisse
1058 11882 1168 11922 earintlum
1180 11882 1242 11927 suffo-

785 11953 851 11981 catum
863 11938 989 11993 portiunculal
1001 11943 1057 11994 panis
1070 11938 1147 11980 retentst
1158 11943 1178 11983 in
1190 11942 1240 11985 aab·

786 11996 857 12052 phago
880 11996 990 12052 Polydorus
1003 11996 1177 12054 libsanglbfltr,
1190 12005 1243 12043 idem

770 12066 776 12075 ²
785 12055 844 12097 refert
854 12055 880 12096 de
889 12055 993 12098 Gudivino
1001 12055 1082 12099 Comite
1089 12059 1240 12105 Cantianorrtm·

1207 12122 1241 12163 Dr
