7350 12967
243 8462 250 8465 Η
278 8572 279 8575 i
314 8500 493 8605 uentu
506 8500 578 8590 De
596 8505 733 8612 vagitu
755 8496 919 8581 uterino
1009 8488 1099 8578 201*

140 8646 192 8701 girus
203 8641 237 8683 fiat
253 8637 305 8696 sape
318 8637 398 8691 ‘apansa
410 8639 521 8698 superiori,
533 8636 598 8691 soetui,
609 8638 738 8686 Amilibus,
759 8650 781 8678 ut
791 8629 848 8689 quod
864 8630 957 8673 homines
971 8624 1050 8688 proilla
1060 8629 1098 8680 fine

139 8700 273 8760 perenibus,
291 8713 330 8754 aut
340 8700 466 8756 Reipubliex
480 8698 602 8742 calamitates

139 8764 244 8803 minante:
259 8756 348 8800 &tradit
361 8757 479 8814 exemplum
491 8759 517 8798 de
532 8760 601 8812 vagitu

138 8818 208 8859 audito
216 8829 271 8856 anno
283 8815 464 8871 16zaColbergae,
478 8818 525 8870 quia
540 8814 601 8857 ferus

139 8873 243 8931 postquam
252 8871 290 8913 suit
299 8874 321 8913 in
330 8875 395 8914 lucem
403 8875 469 8915 editus
480 8902 486 8921 ,
501 8871 541 8914 una
552 8887 602 8914 cum

139 8944 201 8974 matre
213 8931 238 8971 ab
250 8929 324 8971 aneilla
337 8944 422 8971 veneno
429 8943 544 8986 peremptus
558 8928 602 8979 suit,

141 8990 221 9031 maritus
234 8987 288 9044 pelle
304 8989 416 9034 enindus,
432 8989 504 9029 domus
515 8986 554 9028 fuit
568 8989 602 9028 in-

141 9048 216 9088 cendio
238 9044 356 9100 absumpta,
371 9045 442 9098 reliqui
454 9042 525 9086 fratres
538 9042 602 9086 miseri

141 9104 200 9153 faeti,
211 9102 313 9147 &acerbo
324 9103 404 9157 excindi
412 9102 454 9144 fato
463 9130 469 9149 ,
481 9100 536 9143 fimul
543 9108 562 9144 bc
571 9118 602 9142 ur-

140 9162 162 9205 bi
178 9161 284 9215 Colbergae
301 9159 390 9201 funestus
410 9158 448 9201 fuit
469 9158 502 9200 hic
519 9162 602 9215 vagitus.

141 9219 210 9263 Refert
222 9220 275 9259 idem
289 9215 413 9259 Paterlonius
423 9219 486 9271 Hayn
495 9218 532 9258 loro
539 9222 603 9262 citato,

140 9277 221 9319 alterius
231 9277 332 9317 historiam
338 9305 343 9318 ,
349 9279 385 9331 qui
393 9277 475 9331 vagiens
483 9277 543 9330 coepit
552 9275 604 9317 nasci

141 9336 257 9390 inUngaria
268 9363 273 9378 ,
286 9337 308 9374 ἂ
320 9334 368 9375 dum
381 9347 441 9388 caput
454 9345 510 9374 eruta
523 9346 603 9374 uterum
615 9355 631 9395 B

142 9393 240 9442 haberet,
252 9396 272 9433 in
280 9406 360 9433 uterum
372 9390 408 9433 fuit
415 9389 508 9445 abreptus
516 9420 522 9434 ‚
532 9393 552 9432 in
561 9405 604 9445 quo

142 9449 210 9506 postea
230 9450 338 9505 permansit
358 9463 394 9505 per
415 9449 464 9490 duas
480 9444 603 9504 septimanas:

143 9509 201 9562 quod
208 9508 282 9552 Plinius
288 9509 329 9564 jam
337 9505 478 9548 observaverat
485 9506 536 9559 any.
543 9518 603 9560 cap-3·

142 9566 225 9608 dicens:
241 9575 285 9606 ruer
299 9563 380 9619 reverfits
392 9565 417 9618 est
426 9567 448 9604 in
459 9576 528 9604 uterum
538 9567 604 9604 matris

141 9639 162 9662 eo
172 9640 219 9665 auno
228 9655 233 9669 ‚
242 9640 274 9679 quo
285 9632 374 9678 Saguntos
382 9623 405 9662 ab
412 9621 502 9663 Annibale
507 9621 604 9675 deletnest.

143 9681 199 9736 Ergo
211 9686 289 9736 vagitus
303 9684 391 9723 uterinus
404 9695 445 9723 non
460 9678 489 9719 est
502 9679 604 9726 naturalis,

145 9734 180 9780 sed
192 9736 302 9787 ominosas,
310 9752 334 9779 ac
349 9750 463 9794 portentum
471 9741 605 9794 prenuntians

144 9801 165 9839 &
173 9796 290 9839 miserabiles
298 9809 387 9837 eventus

175 9852 246 9897 Tertii>
255 9854 346 9896 Libavius
357 9865 420 9907 agens
431 9852 458 9893 de
466 9852 534 9906 vagitu
541 9853 604 9892 uteri-

145 9927 174 9954 no
182 9943 187 9960 ‚
195 9912 248 9968 quast
262 9907 404 9967 problematice
414 9907 514 9965 disputans
523 9923 559 9963 pto
566 9908 606 9950 hac

145 9973 257 10026 opinione,
268 9968 336 10026 plures
347 9969 429 10009 adducit
440 9969 530 10008 rationes
550 9968 606 10007 Tum

145 10026 213 10084 primb
223 10057 230 10076 ,
242 10028 299 10083 quod
312 10028 397 10069 docetur
409 10025 433 10065 ab
449 10021 556 10065 Aristotele
568 10039 607 10072 ,ut

639 8696 701 8744 fatui,
712 8690 865 8738 melancholici,
874 8685 1048 8738 fontinianum&
1054 8693 1100 8733 moss

639 8758 709 8801 rituri3
723 8753 749 8795 fic
758 8755 812 8795 enirn
822 8749 849 8789 ob
861 8748 1000 8802 impotentiam
1006 8757 1098 8799 >organo-

640 8827 685 8854 turn
696 8804 860 8867 corporis,quall
869 8805 949 8859 corpori
964 8816 1007 8843 non
1018 8801 1097 8856 alligati,

639 8869 694 8925 quafi
707 8872 728 8910 in
745 8871 779 8910 suo
795 8875 882 8921 corpore
902 8860 975 8919 species
992 8871 1060 8899 rerum
1072 8857 1097 8898 ab

639 8932 707 8968 anima
718 8926 788 8966 muudi
800 8921 952 8979 percipiunt,&
960 8920 1013 8959 intra
1021 8926 1099 8956 uterum

641 8997 678 9039 pro
684 8980 769 9024 molestis
776 8979 878 9035 speciebus
884 8973 1079 9034 cogunturplorare.

670 9040 749 9084 Medici
760 9051 864 9080 recurrunt
877 9037 904 9077 ad
915 9032 982 9077 causas
996 9027 1098 9077 naturales,

640 9112 667 9140 ex
677 9096 751 9153 quibus
759 9110 799 9138 vox
811 9092 921 9140 sormatur,
930 9107 950 9134 ut
958 9084 1057 9147 precipue
1065 9098 1099 9140 pa-

642 9171 672 9200 tet
682 9160 702 9198 iu
718 9157 828 9199 Sennerto,
839 9154 860 9190 ὅῑ
874 9149 991 9196 Bartholiuo
1001 9150 1022 9187 in
1035 9143 1056 9184 hi
1072 9157 1096 9184 or.

640 9217 744 9255 Ananmic.
751 9223 798 9253 cent.
809 9207 873 9262 r-hill.
882 9205 947 9250 r.sunt
957 9208 1013 9248 enim
1026 9201 1100 9248 instra·

642 9287 711 9314 menta
723 9267 815 9325 requisita
827 9270 848 9307 in
867 9263 975 9319 embryone
990 9276 1027 9318 pro
1046 9271 1098 9301 voce

643 9328 764 9375 formanda,
777 9324 831 9367 fimul
840 9327 861 9364 bl
873 9330 922 9368 aer,
934 9335 958 9362 ex
967 9334 1009 9375 quo
1020 9316 1098 9360 forma·

643 9402 675 9429 tur
683 9384 748 9428 sonus.
763 9386 798 9426 De
806 9379 942 9424 instrumentis
951 9380 970 9419 in
983 9378 1050 9417 vicinis
1055 9389 1099 9433 pat⁶

643 9448 672 9485 tui
682 9446 753 9500 nequit
762 9442 859 9487 dubitari,
870 9439 917 9480 clun
924 9439 944 9477 in
951 9432 993 9490 ipso
1000 9446 1057 9488 partu
1064 9433 1099 9474 do·

644 9516 686 9543 oeae
695 9500 828 9558 experientia,
840 9509 911 9538 omnes
921 9492 1010 9548 plorare,
1023 9494 1043 9530 bt
1052 9503 1099 9546 apta

642 9559 771 9601 iustrumenta
780 9556 855 9599 babere
869 9568 906 9611 pto
918 9549 960 9607 ipss
975 9546 1057 9592 vocibus
1069 9545 1099 9588 es·

642 9615 756 9659 formandis.
771 9614 837 9672 Qud
844 9613 867 9654 lit
878 9618 909 9654 a'e't
916 9606 1014 9653 tautdlus,
1025 9603 1056 9647 vel
1063 9617 1099 9659 per

644 9688 703 9716 venas
720 9669 891 9718 subministratus,
905 9666 938 9709 vel
949 9662 1099 9720 tranl‘piratione

643 9731 752 9780 adunatus,
763 9730 795 9772 vel
807 9743 832 9769 ex
844 9725 933 9784 spumoso
945 9723 1042 9779 sanguine
1057 9718 1098 9759 ele-

644 9803 699 9830 varus
711 9818 717 9835 ,
731 9789 762 9829 vel
771 9802 805 9844 per
820 9799 898 9826 uterum
907 9778 983 9826 inverso
994 9778 1044 9820 foetu
1051 9790 1099 9832 pro-

644 9860 671 9901 pe
682 9860 760 9902 partum
767 9875 772 9892 ,
779 9843 809 9887 vel
820 9843 830 9885 a
843 9845 926 9882 cavitate
935 9837 1046 9893 pulmonis,
1055 9847 1100 9887 qua:

645 9906 718 9960 nequit
729 9900 768 9944 elle
778 9915 839 9942 vacua
851 9930 857 9947 ,
869 9899 990 9941 admittitur,
1010 9891 1065 9933 simul
1079 9894 1100 9929 b<

645 9962 702 10016 quod
713 9960 740 10001 ob
755 9959 826 10001 doloris
839 9957 942 10012 quendam
957 9948 1035 9993 sensum
1047 9945 1102 10006 poffir

645 10019 721 10060 incitati
736 10019 760 10059 ad
775 10015 894 10074 plorandum
912 10030 918 10054 t
938 10013 990 10066 Ergo
1002 10023 1039 10067 pto
1050 10018 1101 10048 voce

146 10101 212 10143 nuper
224 10087 316 10127 diximus
337 10087 392 10126 Tum
402 10079 507 10130 seeundo,
520 10082 578 10136 quod
592 10059 749 10123 reformanda
759 10076 785 10117 ab
797 10072 847 10117 foetu
862 10074 912 10112 intra
926 10081 1003 10111 uterum
1015 10076 1102 10116 conten-

146 10142 207 10185 soetns
219 10157 255 10184 ote
264 10157 333 10199 aperto
343 10142 430 10183 traheret
441 10142 510 10181 a'e'rem
523 10153 559 10195 pro
572 10154 607 10181 vo-

145 10215 171 10241 cc
184 10200 288 10242 formanda
303 10215 353 10244 ,aut
368 10198 445 10255 spiritus
459 10201 573 10243 emitteret,
585 10211 607 10238 ut

146 10255 210 10314 posset
226 10260 308 10314 vagire,
322 10253 455 10299 suffocaretur
467 10285 472 10302 ,
485 10258 534 10311 quia
545 10269 607 10309 aquas

146 10330 195 10357 curn
202 10323 247 10359 a'e're
256 10314 376 10363 attraheret,
386 10317 436 10355 intra
445 10326 494 10367 quas
506 10314 609 10368 expostus

147 10387 219 10415 manet.
237 10371 307 10416 Tertii>
319 10370 399 10413 nonest
411 10373 455 10416 via,
465 10385 565 10427 perquam
576 10385 610 10412 te·

147 10433 208 10486 cipiat
220 10436 299 10488 copiam
310 10434 359 10473 aeris
368 10427 521 10484 aquilinum:
528 10428 609 10469 collida-

148 10503 182 10537 tur
191 10492 244 10532 intra
253 10488 341 10545 asperam
350 10489 441 10530 arteriam
455 10500 490 10542 pro
501 10485 609 10528 formanda

149 10560 207 10589 voce.
215 10551 270 10589 Tum
278 10543 361 10603 quarti),
370 10542 384 10585 fi
393 10538 442 10586 effer
449 10544 540 10589 naturalis
551 10542 609 10586 causa

149 10605 267 10657 produdiva
272 10606 340 10654 vocis,
351 10616 396 10660 qua
403 10603 475 10644 dicitur
487 10605 574 10657 vagitus,
582 10601 609 10644 ab

150 10660 182 10702 illa
194 10662 323 10719 frequenter,
335 10668 356 10704 bt
368 10664 389 10702 in
399 10662 457 10701 omui
468 10658 517 10702 foetu
529 10659 609 10701 daretur

150 10724 230 10774 vagitus.
252 10724 308 10762 Tum
326 10715 417 10777 quinto,
435 10716 503 10772 pulmo
517 10715 576 10759 foetus
588 10719 609 10760 in

644 10149 666 10177 to
677 10131 722 10175 sunt
732 10147 801 10176 omnes
814 10127 911 10175 naturales
918 10124 989 10173 causae,
1002 10137 1047 10180 quae
1057 10118 1101 10178 post

646 10205 725 10248 partum
739 10194 760 10233 in
776 10190 809 10233 illo
822 10187 886 10229 statim
897 10197 1005 10227 occurrunt
1016 10181 1043 10222 ad
1055 10178 1101 10236 plo-

648 10250 739 10292 randum.

842 10350 862 10395 §.
883 10347 892 10386 Ι
900 10345 908 10385 Ι
917 10343 931 10382 1.

665 10448 739 10501 Vagitus
749 10445 827 10485 uterinis
834 10439 891 10497 potest
901 10438 942 10495 stne
950 10436 1036 10478 mancuso
1042 10434 1088 10491 fieri.

698 10541 832 10584 Esolveudum
849 10534 930 10593 primi),
946 10534 1001 10593 quod
1014 10533 1103 10574 uterinus

698 10603 776 10655 vagitus
783 10595 846 10656 potest
857 10598 961 10651 provenire
973 10588 1055 10633 acausts
1069 10601 1102 10629 na·

649 10658 751 10701 ruralibus.

677 10716 776 10760 Probatur
786 10710 851 10770 ptimo
864 10729 869 10750 :
884 10714 936 10755 Nam
947 10707 960 10750 fi
973 10708 1049 10761 vagitus
1059 10717 1101 10747 vte-

149 10790 208 10819 nteto
215 10778 244 10821 est
253 10778 345 10835 preditus
357 10777 417 10821 rubro
429 10774 509 10816 colores
517 10777 566 10818 dum
573 10789 609 10817 na·
618 10771 639 10812 D
649 10775 705 10817 rinus
714 10771 762 10815 effer
769 10776 966 10829 portentum,&uon
975 10763 1103 10806 fieretrlcau·

149 10830 210 10878 scitur
218 10839 294 10893 gaudet
307 10837 373 10878 colore
385 10834 431 10877 albo
442 10853 448 10875 t
462 10831 484 10875 fit
490 10831 548 10881 ruber
554 10831 611 10875 color

151 10894 232 10938 ὀεῖεᾶυ
247 10898 314 10938 adrisi
329 10896 350 10936 fit
360 10893 432 10937 albedo
443 10890 468 10932 ab
477 10898 522 10934 aere
534 10911 539 10933 :
555 10892 611 10945 Ergo

152 10953 266 10996 curi-foetur
276 10952 356 10995 deficiat
369 10958 415 10999 a'e'r,
428 10948 494 10992 delicit
506 10949 612 10990 materialis

151 11010 209 11054 caula
215 11014 273 11063 vocis,
280 11011 322 11053 line
328 11026 367 11068 qua
374 11011 445 11064 nequit
451 11006 493 11049 fieri
500 11010 522 11049 in
528 11021 591 11049 utero.

167 11215 289 11263 Proponumur
298 11205 351 11262 causa
358 11204 438 11262 secunda
446 11205 521 11260 vagitus
528 11201 602 11242 uterini.

208 11304 307 11361 strologi,
322 11303 440 11349 &cumillis
452 11298 574 11358 Aponenfis,
583 11312 614 11340 te-

115 11412 117 11415 ,
208 11379 258 11406 nent
274 11365 364 11419 vagitum
389 11363 492 11404 uterinum
516 11357 541 11398 ab
561 11356 615 11399 astris

156 11426 274 11479 provenire,
285 11423 333 11477 quia
348 11422 473 11476 quicumque
482 11421 503 11459 in
518 11413 552 11456 suo
567 11429 615 11456 ortu

156 11483 232 11524 habent
246 11482 369 11531 Mercurium
382 11475 523 11522 Orientalem,
539 11460 642 11516 habeutE

156 11541 273 11582 celeriorem
281 11537 432 11593 loquutionem,
441 11534 513 11575 &ideo
524 11530 559 11571 illis
565 11545 614 11571 con-

156 11600 216 11654 tingit
227 11601 278 11639 intra
288 11610 367 11637 uterum
379 11607 451 11636 vocem
461 11593 555 11632 eminete
572 11588 616 11631 Pla-

156 11661 218 11699 tonici
229 11657 357 11698 admittentes
362 11656 450 11695 animam
461 11647 544 11693 mundi,
554 11643 617 11700 aqua

157 11716 321 11758 omnesattrones
330 11711 465 11768 gubernantur
472 11736 478 11753 ‚
484 11704 495 11748 a
502 11718 541 11758 qua
550 11702 616 11746 fitsor·

157 11774 220 11813 matio
231 11772 335 11820 hominis,
348 11766 479 11826 propagatio,
490 11767 511 11804 bt
519 11760 618 11810 defensio,

158 11830 245 11871 artiones
257 11826 356 11873 comune
367 11827 469 11871 foventur,
482 11818 540 11863 strnul
551 11826 573 11863 bc
589 11823 617 11860 in.

153 11887 220 11930 *sueta
230 11916 237 11934 i
251 11891 271 11926 &
279 11886 378 11934 latentes,
389 11896 488 11928 utrenenr
498 11884 571 11926 Stoici,
581 11878 617 11919 de-

153 11945 233 11989 stinaut
251 11944 285 11985 seu
298 11945 430 11988 determinant
449 11940 519 11983 mundi
533 11942 621 11981 animan

159 12019 198 12063 pto
215 12004 255 12046 hac
266 11999 537 12056 adioneffintempestivm&
547 11997 589 12039 aliis
597 11995 622 12037 st,

167 12086 173 12090 >·
224 12062 308 12117 v-Gasp·
316 12070 383 12105 ‘aravo
392 12053 542 12113 Tiasa-Misus,

650 10833 674 10874 srs
684 10831 820 10875 naturalibus,
830 10825 905 10882 semper
914 10823 1065 10878 subsequeretur
1077 10834 1104 10862 ex

650 10890 691 10948 ipso
703 10891 752 10945 quid
764 10883 875 10929 ominosum
890 10880 1028 10939 Reipublicae,
1040 10877 1105 10928 stetui,
1119 10899 1122 10903 Δ

651 10963 686 10992 aut
698 10946 811 11003 parentibus
825 10959 830 10982 ι
843 10940 877 10983 sed
887 10944 1005 10987 Sennertus,
1020 10939 1105 10985 Sitonus,

651 11003 788 11051 Bartholinus,
797 11006 817 11042 ὅ(
825 11000 856 11042 alii
863 10999 908 11040 locis
919 10999 980 11040 citatis
987 11009 1051 11051 nuper
1059 10995 1104 11051 plu·

651 11067 711 11105 rimas
721 11059 808 11104 afferunt
822 11055 965 11100 observationes
974 11067 1059 11101 eorum,
1070 11053 1106 11109 qui

653 11124 694 11164 nati
706 11118 751 11162 sunt
761 11117 805 11176 post
814 11118 906 11172 vagitum
916 11112 1026 11158 uterinum,
1033 11117 1054 11154 δι
1063 11109 1107 11152 nul·

651 11179 694 11221 lum
704 11177 816 11234 supervenit
827 11173 978 11227 incommodum
992 11200 999 11218 ,
1012 11183 1050 11210 nec
1065 11167 1107 11215 illis,

653 11252 690 11279 nec
704 11235 841 11291 Republica,
857 11246 894 11272 nec
907 11228 1038 11287 parentibus:
1054 11228 1108 11281 Ergo

653 11297 737 11352 vagitus
744 11298 831 11337 uterinus
841 11289 903 11347 potest
913 11290 956 11333 fieri
968 11284 1109 11327 inminibus

656 11352 766 11395 caulissrne
777 11352 842 11407 aliquo
853 11360 954 11405 portento.
1101 11391 1104 11392 ⁷
1131 11351 1133 11353 ’

684 11405 884 11454 Probaturlecuudb:
898 11408 948 11450 Sunt
956 11398 1053 11451 naturales
1062 11411 1110 11441 cau·

657 11468 681 11511 sac
693 11473 745 11511 intra
754 11481 844 11514 uterum,
853 11480 875 11509 ut
885 11462 943 11506 soerus
953 11461 1025 11504 formet
1032 11472 1109 11500 vocem:

655 11530 708 11583 Ergo
716 11526 756 11568 stne
768 11524 861 11567 miraculo
871 11522 923 11563 valet
935 11519 1111 11572 elicetevagitum

655 11584 753 11631 Probatur
759 11583 880 11625 antecedens
892 11595 898 11619 z
913 11581 967 11626 Nam
978 11589 1019 11619 vox
1031 11574 1111 11633 perlici-

655 11659 688 11686 tur
700 11656 737 11699 per
749 11640 879 11683 instrumenta
889 11633 1031 11694 respirationis,
1040 11636 1111 11690 quain

656 11700 706 11744 foetu
719 11697 780 11756 paulo
790 11710 921 11753 antepartum
929 11692 973 11736 sunt
985 11692 1073 11741 eadem,
1087 11703 1111 11733 ac

658 11773 723 11816 nuper
733 11757 776 11812 post
786 11769 866 11810 partum
879 11782 885 11801 ,
899 11756 948 11796 dum
959 11765 1009 11807 puer
1020 11746 1112 11791 naturali-

658 11833 687 11860 εει
699 11810 777 11872 plorat,
788 11819 809 11856 δε
817 11827 842 11854 ex
853 11818 910 11861 aere,
921 11812 957 11868 qui
964 11803 1114 11860 neceffaridpe-

658 11879 682 11920 tit
693 11874 792 11918 contineri
802 11875 822 11913 in
832 11874 916 11913 cavitate
924 11870 1019 11925 pee‘toris,
1026 11861 1072 11906 alias
1077 11864 1114 11905 da·
1172 11878 1175 11881 ⁴

659 11949 713 11976 tetur
724 11933 745 11973 in
755 11931 788 11973 illa
799 11944 900 11976 vacuum5
910 11934 957 11970 &ur
968 11927 1053 11969 diximus
1065 11952 1072 11970 ,
1085 11918 1116 11960 vel

660 11988 812 12048 transpiratione
817 11995 851 12033 aet
860 11983 998 12087 attrabitgrad
1006 11980 1122 12044 Palm&

961 12055 974 12083 e
1062 12048 1124 12095 pratel
