7350 12967
328 8487 520 8581 Reform
539 8490 703 8582 Delum
715 8493 757 8574 in
771 8490 903 8573 mixtis
998 8517 1110 8605 aaa

150 8615 210 8664 sitnm
222 8630 258 8671 pto
271 8618 313 8656 anri
323 8621 365 8658 veri
375 8618 439 8661 forma
451 8650 457 8668 ,
470 8622 512 8664 fine
525 8639 568 8680 qno
577 8641 612 8668 ne·
621 8631 641 8671 A

151 8676 195 8729 quit
209 8673 320 8721 introduci,
329 8674 377 8718 ficit
384 8692 420 8718 nec
428 8679 469 8720 sine
477 8680 509 8721 ilia
520 8682 562 8724 sieri
573 8698 610 8724 ve·

150 8745 195 8771 rum
201 8744 277 8770 aurnrn.
293 8733 338 8773 Nec
345 8739 464 8777 contrarium
472 8737 546 8793 probat.
555 8743 610 8783 Tum

151 8791 212 8843 prima
221 8791 268 8828 ratio
275 8817 280 8834 ‚
287 8792 389 8842 quiainter
398 8794 538 8848 impossibiliter
547 8798 610 8839 trans·

150 8843 250 8886 mutabilia
263 8875 269 8888 ‚
287 8846 337 8888 nulia
348 8849 456 8891 admittitur
469 8850 610 8904 transmutatio,

150 8916 187 8942 nec
198 8899 272 8950 facilis,
282 8917 319 8943 nec
329 8904 424 8949 difficiirsr
436 8908 481 8947 ideo
489 8908 536 8952 licet
545 8910 610 8953 similis

150 8958 173 8998 fit
181 8962 305 9011 organizatio
317 8965 377 9016 eqni,
389 8968 409 9005 &
423 8963 487 9005 leonis
500 8994 506 9011 ,
522 8982 564 9009 non
574 8971 609 9009 ad-

150 9017 231 9056 mittitur
241 9031 277 9070 per
286 9031 351 9059 artem
361 9019 496 9063 transmutatio
506 9023 579 9064 abnuo
589 9029 608 9067 in

150 9071 213 9113 alium.
228 9076 282 9115 Tum
296 9088 332 9128 pro
339 9074 436 9126 secunda,
449 9080 506 9133 quod
517 9079 564 9120 licet
571 9095 608 9134 pro

149 9129 267 9183 imperfectis
281 9130 350 9172 formis
362 9134 416 9187 possit
426 9135 450 9175 ab
463 9150 504 9176 arte
519 9140 567 9190 poni
576 9154 609 9178 or-

150 9189 263 9241 gannitio,
271 9192 292 9228 &
300 9186 412 9244 dispositio,
420 9192 482 9233 utfiat
492 9195 511 9233 in
518 9194 563 9236 alias
569 9197 608 9236 im-

152 9241 251 9298 perfeclas
257 9243 392 9289 transmutatio
399 9263 476 9291 stamen
483 9250 608 9293 interfortnas

654 8659 1101 8689 m

747 8720 938 8776 nisotvmo
970 8727 999 8771 V·
1029 8787 1030 8790 Ἴ

663 8831 742 8878 Utrum
751 8827 789 8879 lux
799 8825 850 8877 iniit
863 8830 887 8874 in
898 8825 1003 8874 omnibus
1012 8832 1084 8878 mixtis

805 8897 942 8964 corporibus.

840 9018 857 9062 §-
881 9014 895 9056 i.

676 9106 727 9146 Lucis
737 9107 827 9160 proprium
833 9101 942 9157 fitbjeiirm,
951 9106 973 9154 ῤ-
982 9106 1075 9161 quidditar

832 9167 918 9216 aperitur.

692 9252 738 9298 Ui,
747 9248 779 9290 seu
790 9248 860 9291 lumen
869 9254 893 9292 in⁴
903 9255 967 9308 primo
981 9254 1013 9295 dic
1023 9255 1099 9311 genefis

149 9301 273 9357 persedioies
285 9303 327 9344 hacc
340 9320 380 9345 non
398 9305 427 9346 est
437 9307 527 9362 possibilis
539 9324 545 9352 5
562 9313 637 9368 namyB
693 9321 757 9349 rerum
766 9306 891 9355 creatafflh
901 9325 942 9351 non
952 9324 1045 9365 tanquam
1054 9328 1099 9355 cor·

149 9363 276 9412 requiruntur
291 9359 345 9415 plura
354 9377 389 9417 pro
398 9378 466 9404 earnm
473 9370 606 9419 generatione,

149 9428 193 9469 qux
202 9431 305 9472 nequeunt
312 9417 395 9474 suppleri
402 9422 428 9462 ab
437 9436 484 9463 arte.
506 9425 560 9465 Tum
571 9438 607 9478 pro

149 9477 216 9523 tertia,
225 9477 279 9529 quod
287 9477 425 9519 transmutatio
433 9478 522 9521 alimenti
531 9484 550 9521 in
562 9482 607 9523 clii-

150 9530 205 9579 lnni,
218 9530 246 9572 est
261 9536 337 9574 intenta
349 9533 360 9575 ὲ
371 9550 441 9577 natura
452 9551 489 9592 pro
500 9537 607 9580 conserva-

149 9590 202 9627 tione
223 9593 333 9631 vivenrinm
353 9610 359 9639 5
378 9591 511 9635 transmutatio
526 9593 575 9636 veri)
587 9600 607 9638 in

150 9643 278 9699 perfectiores
302 9646 374 9688 formas
391 9649 431 9690 sirie
451 9654 531 9706 proprio
543 9666 607 9708 gene-

150 9715 206 9742 rante
217 9709 237 9743 &
244 9704 285 9743 aliis
298 9705 391 9758 requisitis
401 9720 503 9762 repugnat,

179 9762 210 9800 Ad
217 9765 296 9801 tertium
310 9759 441 9816 respondetur
455 9766 607 9819 prorationibns

150 9817 228 9858 licinii.
245 9821 299 9859 Tum
310 9833 346 9874 pro
354 9824 415 9875 prima
424 9851 429 9867 ,
439 9824 495 9877 quod
506 9829 577 9873 cruda,
587 9830 607 9865 δὲ

150 9874 226 9927 impura
238 9870 317 9930 possunt
330 9877 399 9930 perfici
413 9893 453 9934 per
466 9880 576 9929 lotionem,
587 9889 608 9925 da

149 9932 273 9978 cociionemr
285 9931 318 9975 sed
327 9934 402 9991 semper
414 9935 450 9976 inb
460 9937 530 9978 eadem
543 9939 608 9980 forma

646 9378 694 9418 pus,
704 9380 725 9405 ut
732 9368 795 9418 inquit
804 9364 858 9406 Plato
866 9368 931 9419 ,quoti
937 9367 1021 9423 repente
1029 9372 1103 9431 impler'
1119 9383 1121 9387 ’

646 9436 711 9464 totum
724 9421 792 9462 orbern
804 9439 810 9469 5
826 9436 863 9462 nec
876 9436 969 9476 tanquam
982 9424 1044 9466 forma
1054 9429 1099 9470 sub-

647 9477 741 9520 stantialis
752 9493 818 9520 retum
831 9509 836 9525 ,
849 9477 883 9520 sed
900 9495 994 9536 tanquam
1010 9487 1100 9527 accideris

645 9537 727 9590 reliquis
740 9535 914 9591 perfectissimum,
925 9544 945 9581 δε
960 9553 981 9578 ut
992 9540 1047 9580 assus
1061 9543 1112 9583 dia-v

646 9595 709 9648 pharii
722 9595 742 9633 iii
750 9607 832 9650 corpore
842 9593 937 9635 luminoso
948 9613 953 9634 t
965 9594 993 9635 est
999 9600 1053 9639 enim
1059 9598 1101 9649 lux,
1115 9628 1116 9632 ,

646 9665 673 9691 ex
681 9650 799 9700 Aristotele,
806 9655 859 9693 aetus
870 9652 980 9708 perspicui,
994 9670 1015 9696 ur
1022 9654 1050 9695 est
1057 9670 1102 9712 per·

647 9706 749 9761 spicuum,
758 9723 800 9764 quo
808 9708 914 9751 formaliter
923 9710 1102 9765 perspicuiim‘con-

647 9764 782 9808 ilituituradru
792 9766 835 9807 tale.
857 9768 883 9806 Ι).
894 9767 999 9823 Dionysius
1010 9770 1032 9808 de
1039 9773 1102 9824 coelesti

646 9821 750 9862 hierarchia
762 9853 767 9868 ,
779 9825 801 9869 όν
812 9822 844 9864 lii.
852 9839 870 9871 4.
887 9823 908 9862 aie
919 9826 988 9877 divinis
1000 9830 1108 9873 namnetis

648 9882 728 9935 triginta
734 9879 781 9920 lucis
789 9883 918 9938 proprietates
924 9894 1035 9923 enumerat.
1042 9885 1103 9927 Com-

647 9939 735 9978 muniter
748 9937 788 9977 aliis
800 9936 903 9993 praescrrur
916 9968 921 9985 ,
935 9941 982 9992 quia
993 9941 1045 9980 inter
1057 9944 1104 9983 reli-

150 9983 284 10039 substantiali,
294 9998 315 10033 &
322 9990 336 10031 si
344 10007 430 10035 mutetur
438 9992 501 10036 forma
509 9998 608 10051 ,jamnon
617 10005 635 10046 c
649 10008 698 10048 quas
710 9993 878 10049 quallsstcvnulla
892 9997 918 10035 id
934 9996 1003 10036 mundi
1011 10011 1104 10041 01thOE

150 10044 240 10087 dicentur
248 10048 315 10101 perfici
325 10081 330 10096 ‚
342 10046 489 10107 sedcorrumpi
506 10057 559 10095 'ium
571 10068 607 10109 pro

150 10098 246 10151 secunda,
255 10107 311 10159 quod
321 10120 345 10146 eii
357 10106 432 10149 eisdem
445 10113 546 10167 principiis
557 10111 608 10152 fiunt

150 10158 231 10202 diversae
241 10161 312 10217 specics
324 10177 404 10214 rerum,
416 10180 439 10205 ut
451 10181 475 10208 ex
488 10166 574 10216 semine,
587 10173 608 10210 ὅ(

150 10212 244 10273 sanguine
250 10222 303 10260 varia
309 10222 399 10262 animalia
408 10254 413 10270 ,
422 10227 443 10263 δί
451 10238 475 10265 eit
484 10224 557 10270 diversa
567 10225 609 10269 ele-

150 10278 271 10316 mentarione
285 10281 336 10318 varia
350 10279 439 10322 metalla;
451 10296 567 10325 nontamen
576 10288 608 10326 in·
628 10290 629 10293 ’

150 10331 176 10371 de
191 10330 351 10389 sequitur,quod
364 10333 477 10379 exsemine
493 10345 514 10382 δε
528 10339 607 10397 stingui·

151 10402 178 10428 ne
188 10388 251 10430 leonis
263 10390 297 10432 fiat
304 10406 383 10447 equus,
396 10408 435 10435 nec
449 10409 474 10437 eit
488 10398 574 10452 plumbi,
586 10403 607 10440 δε

150 10444 295 10489 elementorum
307 10453 402 10491 mixtione
411 10450 446 10492 fiat
455 10467 529 10496 autum.
552 10458 607 10498 Turn

151 10516 189 10558 pro
198 10508 254 10545 tertia
261 10535 266 10551 ,
274 10510 330 10561 quod
337 10507 392 10552 aliud
400 10508 428 10549 est
437 10538 443 10555 ,
453 10514 508 10563 quod
518 10527 547 10552 ars
554 10514 609 10568 poffit

151 10561 249 10615 perticere
263 10563 400 10618 imperfectum
414 10564 449 10607 sub
457 10565 490 10608 sua
499 10569 559 10611 forma
565 10569 609 10612 sub-

152 10617 237 10660 stantiali
244 10621 390 10663 accidentaliter
395 10624 473 10665 tantliin
477 10643 482 10671 5
490 10627 608 10684 aliud,quod

649 10056 669 10092 &
680 10054 776 10093 decorem
787 10053 815 10093 est
828 10052 956 10108 praestantior,
968 10060 989 10096 &
1004 10069 1025 10094 nt
1040 10059 1105 10109 inquit

647 10112 713 10164 Hugo
724 10111 751 10150 de
762 10113 832 10154 Sanno
843 10112 938 10151 Victore.-
951 10111 1005 10166 „Quid
1012 10114 1105 10164 pulchrius

647 10169 696 10211 lucc,
707 10180 744 10221 qua
751 10165 789 10209 crim
796 10173 815 10209 in
822 10165 844 10222 sc
853 10169 927 10207 colorem
938 10184 972 10209 non
981 10168 1046 10209 habeat
1054 10201 1059 10215 ‚
1068 10188 1104 10212 om-

647 10229 697 10265 nium
708 10239 769 10265 tamen
780 10240 839 10267 rerum
853 10228 916 10268 toitrcs
927 10225 966 10281 ipsa
978 10229 1103 10282 quodammodo

648 10286 732 10323 colorat?
747 10282 780 10325 Ab
792 10283 830 10340 ipsa
841 10284 863 10323 fir
871 10282 1061 10326 viciffirudodierum
1070 10293 1104 10333 ‚at

648 10342 750 10387 nociium,
760 10340 835 10395 frigoris
844 10344 864 10380 δί
872 10339 941 10382 caloris
948 10373 953 10390 ,
960 10345 1104 10397 operationum,

649 10401 669 10437 &
676 10402 754 10453 qnietis.
766 10399 797 10439 Est
807 10400 908 10446 inedium,
916 10413 957 10453 quo
968 10397 1055 10446 influxus
1064 10415 1105 10442 coe-

647 10455 705 10496 lestes
715 10459 888 10496 communicantur
897 10454 1022 10497 inferioribus
1030 10473 1035 10494 t
1043 10456 1062 10498 se
1071 10473 1104 10500 ex-

648 10513 709 10566 plicat
719 10527 858 10554 momentanea
869 10512 945 10552 afflone
951 10518 971 10555 in
982 10513 1103 10559 totamsnam

647 10568 749 10625 sphaeram·
770 10571 804 10611 Ad
819 10572 947 10612 animantium
958 10574 1046 10625 vigorem
1055 10587 1103 10614 con.

648 10626 701 10674 fert,
712 10630 732 10667 δέ
741 10626 862 10684 reliquorum
875 10630 980 10669 mirreorum
993 10627 1104 10683 pulchritu-

152 10677 208 10729 poffit
225 10692 260 10717 ens
276 10678 413 10734 imperfectum
435 10681 559 10736 transmutari
575 10700 611 10741 per
619 10692 641 10733 D
650 10686 734 10730 dinems
750 10686 932 10738 ideoinquirimu⁵2
945 10700 969 10727 211
981 10687 1001 10725 5¹1
1012 10685 1056 10741 iPfiS
1069 10702 1102 10728 re·

151 10731 611 10792 formamsnbstannilemperfenioieminaiiud

152 10803 186 10831 ens
193 10792 356 10848 ptifttaiffimum.
366 10797 421 10837 Tum
428 10803 611 10856 proquana,qnod
627 10839 630 10844 .

152 10853 269 10891 murationes
275 10852 548 10908 accidentales‚qnatfiuntex
556 10860 610 10901 ordi·

152 10919 179 10946 ne
185 10906 326 10954 irminrici&
334 10908 484 10965 consequuntur
491 10914 610 10972 abipsa',vel

154 10962 287 11008 simulabant
296 10982 302 11010 5
317 10967 351 11009 sed
360 10966 528 11013 transmutationes
534 10976 554 11014 in
564 10986 610 11028 per-

153 11017 258 11064 etaiffimas
265 11024 338 11066 formas
347 11023 409 11066 sollim
415 11025 465 11069 fiunt
473 11026 610 11073 anaturalibus

153 11079 215 11120 causis
224 11081 353 11127 destinatisab
365 11084 540 11128 Authorenaturae.
556 11090 611 11133 Tum

651 10740 688 10784 bus
708 10746 808 10796 corporeis
830 10742 851 10784 iit
876 10742 936 10783 insta
959 10744 1006 10785 Non
1026 10746 1102 10798 agimus

650 10800 675 10841 de
683 10802 751 10842 divina
758 10799 802 10841 luce
811 10830 817 10846 ,
830 10814 874 10855 quat
883 10801 903 10839 in
914 10798 1008 10854 putiffima
1017 10802 1056 10842 Dei
1064 10799 1102 10857 spi.

651 10857 712 10901 rituali
720 10857 771 10899 inest
782 10856 898 10899 substantia:
910 10872 946 10898 nec
956 10858 981 10898 de
989 10857 1056 10898 divina
1065 10861 1102 10900 cio-

649 10917 715 10957 ttrinae
727 10915 772 10956 luce
782 10913 857 10956 Christi
869 10915 967 10961 Domini,
979 10927 1023 10968 quac
1033 10915 1060 10956 est
1066 10916 1101 10958 lux

649 10985 712 11014 vera:
728 10986 766 11012 nec
777 10972 802 11013 de
810 10971 854 11013 luce
865 10971 993 11026 Angelorum
1004 10976 1043 11018 ,ἃ
1052 10977 1102 11016 Rea.

649 11044 714 11071 torum
724 11058 730 11076 ,
740 11043 785 11083 quae
797 11034 847 11070 inter
857 11029 913 11069 dotes
923 11043 993 11071 eorum
1003 11044 1103 11074 annume-

649 11102 716 11132 raturr
729 11085 762 11128 sed
773 11088 798 11128 dc
810 11099 908 11142 corporea
921 11086 982 11131 luce,
995 11085 1065 11130 sende
1078 11105 1102 11131 ea

154 11141 328 11194 proquinta,quod
337 11140 422 11197 licetpro
430 11146 559 11197 generatione
568 11144 610 11187 for.
649 11158 693 11200 quae
702 11143 771 11186 nostris
781 11142 864 11186 deservit
873 11145 996 11210 corporibus,
1002 11146 1067 11214 flualls
1073 11147 1103 11188 est

123 11199 125 11201 ’
154 11207 230 11241 matum
239 11198 400 11251 imperfetiarum
413 11199 447 11241 riat
460 11198 536 11243 facilior
550 11202 610 11246 trans·
649 11217 692 11258 quae
704 11206 861 11244 communicatur
873 11201 936 11258 perse
946 11216 1012 11267 primo
1025 11204 1050 11244 ab
1062 11204 1103 11272 ipso

154 11256 238 11293 mutatio
251 11254 276 11294 ab
288 11270 328 11296 una
337 11257 402 11299 forma
413 11261 433 11298 in
445 11258 501 11300 aliarn
509 11292 514 11307 ,
522 11265 569 11316 quia
579 11260 611 11303 sa·
651 11259 708 11309 Sole,
718 11266 739 11303 &
751 11256 868 11302 secundarii>
877 11258 902 11300 ab
914 11258 988 11305 Astr1⁵3
1000 11266 1022 11303 ἃ
1034 11276 1102 11316 praeci-

155 11308 209 11354 ciliirs
222 11313 301 11367 ponitur
309 11314 422 11368 imperfecia
436 11322 568 11371 organizare,
579 11335 612 11362 aut
625 11338 640 11377 E
651 11316 692 11374 pue
702 11319 728 11359 de
741 11318 774 11359 illa
785 11332 829 11373 quar
845 11320 1000 11362 communimur
1011 11317 1037 11358 ab
1048 11322 1102 11374 igne,

155 11364 281 11411 elementario
289 11369 362 11425 ,quim
374 11372 480 11427 perfectior
488 11391 493 11420 5
504 11375 535 11417 sed
544 11376 612 11419 tamen

154 11435 192 11477 pro
204 11426 319 11482 perfediori
327 11428 390 11471 forma
396 11434 501 11486 requiritur
506 11446 567 11487 agens
576 11437 613 11477 de-

155 11479 280 11526 terminatum
303 11500 349 11528 cum
368 11485 438 11528 talibus
464 11492 559 11545 requisitis
573 11525 578 11541 ,
591 11497 611 11534 &

155 11543 314 11590 conditionibus,
325 11560 347 11586 nt
358 11541 432 11585 inulla
441 11559 482 11586 arte
488 11550 558 11602 possint
568 11551 613 11593 haec

156 11602 216 11649 poni,
229 11599 260 11643 sed
275 11601 373 11646 tantuma
385 11599 424 11644 sola
436 11616 522 11651 natura,
535 11612 612 11661 quaein

156 11654 212 11697 hunc
220 11658 282 11702 finem
291 11657 303 11700 a
311 11674 383 11702 natura
389 11659 474 11701 authore
483 11661 536 11706 illam
547 11666 613 11708 deter-

158 11726 245 11757 minavit.

651 11389 696 11432 qiiae
706 11375 805 11433 praecipue
818 11373 865 11416 solet
875 11373 1008 11416 subministrari
1018 11389 1060 11434 per
1069 11377 1103 11418 lu-

651 11449 720 11476 cernas
730 11466 736 11483 ,
746 11433 835 11476 candelas
842 11462 847 11478 ,
854 11431 968 11487 lampades,
982 11433 1102 11483 cereolea-

651 11487 1104 11548 ternas,funalia,&siniliainstrumenta,quae

651 11547 808 11606 superabundant
817 11555 837 11590 in
847 11547 955 11594 cubiculis,
963 11549 1046 11601 palatiis,
1053 11565 1105 11610 “¹³³5

650 11607 700 11661 plis,
710 11605 820 11656 funeribus,
829 11606 947 11659 triumphis,
957 11608 977 11646 ἓ(
987 11605 1028 11647 aliis
1042 11608 1063 11648 in
1071 11623 1106 11649 re.¹⁴

652 11664 700 11711 bus,
709 11667 729 11704 in
736 11662 809 11717 quibus
819 11667 912 11718 quaeritur
922 11677 1007 11718 pompa:
1016 11660 1050 11705 sed
1057 11681 1104 11720 prat·

651 11722 711 11777 cipue
723 11723 800 11777 agimus
811 11722 838 11762 de
851 11719 895 11761 luce
909 11721 960 11774 ignis
972 11724 1044 11763 virtute
1056 11731 1104 11778 pto·¹

651 11781 737 11826 deunce,
748 11780 773 11819 de
781 11793 821 11835 qua
833 11779 993 11830 interminati
1000 11780 1106 11833 quasicon·

650 11837 712 11892 sopita
727 11835 791 11880 saltem
804 11840 826 11878 in
843 11837 909 11877 mixtis
922 11837 1036 11895 corporibus
1050 11851 1106 11893 repe¹

600 11921 603 11925 -
651 11909 717 11937 mtur.

206 11955 231 11990 1).
237 11950 286 12007 casp.
292 11955 353 11996 arana
361 11951 420 11992 rraa.
426 11951 503 12007 Miseri.

903 12012 945 12058 na
1037 11979 1111 12060 sit
1143 12024 1151 12036 .‚
