7350 12967
426 8481 568 8633 Sesti.
596 8527 664 8614 De
675 8527 793 8617 Vita
817 8520 1039 8612 'Resole
1148 8554 1203 8632 17
1226 8604 1229 8609 ,

741 8647 941 8713 pnpetantegteffas
947 8666 1021 8696 aetates.
1036 8655 1142 8710 Tnnquia
1149 8655 1201 8701 aelio

741 8713 864 8759 resolvendi,
876 8709 1034 8753 &calefaciendi
1041 8715 1109 8767 nequit
1116 8715 1137 8755 in
1150 8716 1200 8768 igne

739 8773 831 8829 impediri
837 8801 844 8819 ,
850 8770 887 8811 nifi
895 8767 1015 8811 miraculose
1024 8766 1037 8809 a
1048 8772 1095 8812 Deo
1100 8798 1107 8817 ,
1117 8766 1198 8827 suspen·

740 8830 809 8871 dendo
815 8830 864 8871 illius
870 8824 1003 8873 coneursum,
1015 8841 1037 8868 ut
1046 8830 1067 8867 in
1077 8826 1156 8867 fornace
1162 8830 1200 8870 Ba·

270 8656 364 8697 scandata
372 8657 466 8711 prebuerit
474 8673 532 8707 mors,
544 8656 693 8713 &rualsenem
711 8665 733 8702 A

241 8723 290 8757 Nam
297 8714 340 8754 dum
351 8716 453 8769 Nestoream
457 8716 632 8773 promittisomnt'bua
638 8732 701 8761 evum.

270 8769 309 8825 Ipse
321 8774 374 8826 priris
385 8775 436 8815 letho
442 8780 561 8832 preveniente
571 8776 626 8816 cadis.

241 8830 343 8871 ridiculum
351 8834 458 8875 Medicum!
475 8842 496 8875 St
506 8849 548 8879 ors,
558 8832 663 8886 Patarelse,
668 8831 700 8887 st-

319 8893 391 8929 uetiam

272 8942 357 8998 Conftras
365 8962 386 8988 tt
394 8950 467 9003 reliquis
475 8965 509 8991 ‚ne
516 8951 593 8989 moriare
601 8947 658 9005 priris.

242 9005 272 9045 Ex
280 9005 303 9043 iis
313 9002 507 9061 convinci'turquam
521 9007 605 9049 ridicula
612 9007 649 9048 sint
663 9009 700 9049 Pa·

241 9060 307 9101 racelsr
318 9061 409 9116 promissa
419 9065 508 9105 remedia
518 9079 556 9120 pto
568 9065 651 9105 aliorum
663 9068 700 9105 im·

241 9118 367 9169 mortalitate,
371 9118 476 9163 tertocelsu
481 9124 507 9163 ad
513 9120 625 9177 praegressas
631 9136 702 9168 aetates,

241 9177 290 9272 cup
298 9173 340 9231 ipse
349 9193 438 9220 mortuus
447 9178 507 9221 suerit
516 9194 562 9221 ante
570 9181 656 9236 primam
669 9178 701 9220 se-

242 9247 269 9274 ne
290 9248 351 9275 utem.

433 9336 452 9381 §-
480 9336 513 9376 ΙΙ.

280 9429 374 9469 firmatur
387 9426 514 9485 impoffibr'litrr
528 9430 664 9473 retrotrahendi

441 9500 509 9530 etates.

709 9362 725 9401 B

290 9582 438 9633 Esolvendum,
452 9587 509 9643 quod
525 9585 611 9640 implicat
632 9583 698 9629 subse·

289 9656 373 9699 quentes
382 9658 446 9685 aetates
454 9643 508 9701 posse
517 9642 529 9684 a
539 9645 626 9685 Medicis
637 9658 699 9686 retro·

239 9700 292 9740 trahi
303 9701 328 9740 ad
336 9705 449 9754 praeteritas.

269 9757 366 9798 Probatur
374 9758 439 9813 primb
448 9760 525 9800 ratione
532 9758 675 9801 fundamentali
688 9757 699 9800 ai

239 9814 296 9857 nobis
304 9816 403 9870 proposita
412 9829 477 9857 tom-1.
485 9818 507 9864 do
516 9832 530 9856 2.
542 9815 636 9857 Calidum
645 9819 698 9858 inna-

239 9885 293 9920 tum,
306 9877 326 9912 dc
339 9874 445 9916 humidum
462 9873 564 9921 radicale,
578 9876 699 9928 inquorum

238 9929 379 9984 permansione
389 9932 475 9973 consistit
482 9934 522 9972 vita
531 9946 565 9988 per
574 9927 616 9971 suas
624 9945 698 9981 aetates,

239 10000 310 10041 petunt
321 9987 362 10028 lieri
369 9987 380 10029 a
387 9989 603 10035 facultatesormatrice,
612 10003 638 10028 ex
645 9993 699 10045 prin-

238 10047 292 10099 cipiis
301 10050 453 10100 generationis,
467 10045 561 10102 sangnine
572 10076 578 10093 ,
590 10052 611 10088 δι
625 10044 698 10090 semine
709 10052 728 10093 C

237 10102 287 10142 intra
297 10118 376 10144 uterum
389 10108 501 10148 commixtis
514 10109 533 10147 vi
545 10107 596 10146 uteri
606 10102 700 10156 foventis,

237 10171 263 10197 ex
275 10174 364 10221 quorum
377 10167 486 10206 mutatione
500 10160 645 10219 subsequuntur
653 10177 698 10203 aeta-

238 10230 267 10257 tes
281 10234 286 10255 ι
299 10220 333 10260 led
344 10219 415 10261 borum
425 10220 699 10265 talisconcinnatio,&tem-

238 10276 315 10328 peries,
332 10275 439 10333 postquam
451 10293 486 10334 per
499 10292 563 10320 :etates
577 10280 699 10326 immutatur,

237 10335 308 10384 nequit
314 10335 384 10375 iterum
392 10334 503 10377 instaurari:
515 10349 564 10392 ergo
571 10350 610 10377 nec
617 10334 645 10375 est
652 10334 696 10392 pos-

237 10387 293 10429 sbilis
302 10393 425 10434 retrottaelio
433 10394 454 10434 in
464 10392 511 10434 illas·

266 10447 364 10489 Probatur
371 10454 440 10492 minor.
453 10449 697 10506 Tumquianequirfieri‚

237 10506 293 10558 quod
303 10508 323 10546 in
336 10504 393 10548 semel
408 10522 454 10551 nato
468 10521 573 10564 generetur
589 10508 696 10549 humidum

236 10561 321 10603 radicale
329 10580 366 10611 ,ex
378 10567 436 10621 cujus
444 10580 498 10608 nova
510 10568 652 10623 generatione,
663 10581 698 10609 aut

237 10618 391 10684 consumptione
401 10623 475 10665 debent
488 10622 579 10683 subsequi
588 10638 653 10664 aetates
661 10639 697 10665 no·

237 10689 288 10717 viter
297 10682 461 10723 retrotrahenda.
484 10684 537 10724 Tum
546 10685 592 10739 quia
602 10679 656 10722 calor
668 10684 697 10722 in-

236 10747 306 10782 natus,
314 10740 350 10791 qui
356 10740 416 10781 valuit
425 10737 522 10782 resolvere
530 10739 638 10781 humidum
646 10740 719 10783 radi-l)

236 10791 291 10842 cale,
305 10797 326 10834 ἃ
337 10809 446 10853 properare
459 10811 524 10840 aetates
531 10799 558 10840 ad
566 10795 694 10846 senectutem,

237 10862 340 10904 permanet
353 10858 462 10911 impediens
475 10857 560 10899 reditum
568 10855 594 10898 ad
603 10853 695 10910 progres-

237 10905 277 10949 sam
286 10910 425 10955 humiditatem
432 10918 541 10969 primarum
546 10927 632 10956 aetatum.
641 10916 696 10955 Tum

237 10970 284 11021 quia
294 10965 450 11013 licetoffentur
461 10973 567 11014 humidum
579 10971 696 11013 alimentum

238 11024 338 11066 retardans
349 11028 476 11082 posteriorem
487 11028 640 11075 resolutionem,
652 11028 697 11070 nul.

237 11079 278 11123 lum
291 11083 343 11125 valet
353 11085 407 11128 illam
421 11089 519 11143 impedite
533 11101 615 11129 extoto.
640 11090 696 11128 Tum

238 11142 285 11193 quia
291 11140 336 11184 licet
345 11142 388 11185 usus
395 11148 536 11189 contrariorum
545 11146 607 11187 valeat
615 11145 696 11199 prolon-

234 11208 287 11251 gare
296 11214 371 11250 aetates,
383 11205 429 11248 clun
437 11202 513 11260 semper
518 11204 601 11259 aliquod
611 11204 697 11243 deterius

238 11268 346 11309 reponatur
354 11289 360 11307 ,
372 11260 420 11303 illud
428 11266 499 11317 nequit
508 11262 599 11319 impediri
607 11291 613 11307 ,
621 11275 659 11301 nec
666 11274 697 11300 re-

240 11309 304 11354 sarciri
313 11316 399 11369 omninb
405 11319 518 11375 perfeclum
524 11353 529 11371 ,
535 11335 577 11378 qno
582 11322 646 11377 prima
652 11332 697 11375 per-

240 11366 292 11413 fena
298 11373 368 11415 mixtio
374 11376 498 11420 instauretur.

270 11430 309 11471 Sed
316 11430 372 11472 dices
378 11448 426 11476 cum
434 11436 567 11479 Torreblanca
573 11434 603 11476 lib.
607 11452 626 11488 3.
632 11435 697 11489 dejure
708 11436 723 11477 E

237 11487 415 11546 spiritualncrpnn
422 11501 506 11539 namn&
521 11493 578 11549 quod
587 11492 653 11549 poeest
661 11508 698 11535 na·

238 11547 295 11587 rivus
305 11545 360 11588 calor
370 11552 395 11594 ita
402 11565 445 11594 arte
455 11553 588 11608 attentioni,
595 11556 616 11592 ἃ
625 11551 696 11592 hume·

242 11603 288 11653 &ari
300 11605 362 11647 victus
375 11606 453 11651 rarione
465 11640 470 11656 ,
483 11616 504 11653 δι
515 11611 632 11664 excogitatis
639 11610 666 11652 ad
675 11608 697 11652 id

242 11661 332 11710 auxiliis,
341 11678 363 11706 ut
370 11681 412 11709 non
419 11665 541 11711 absumendo
548 11667 654 11708 humidum
660 11670 697 11708 im-

243 11721 334 11775 pediatur
342 11720 428 11773 siccitas,
436 11731 456 11768 &
468 11723 566 11772 senectus,
576 11726 633 11781 quod
638 11740 698 11767 cona-

244 11791 276 11818 tur
284 11778 415 11824 deducereex
420 11788 477 11827 variis
485 11785 558 11828 Galeni
563 11783 616 11825 locis.

256 11893 260 11900 Ι
274 11837 421 11903 §reclarescat
432 11843 578 11891 illiusintentio.
592 11843 701 11895 Tumquia

246 11888 295 11934 lieet
306 11893 371 11950 pollet
379 11900 434 11943 calor
447 11902 551 11957 impediri,
559 11902 701 11954 quominusre-
727 11924 730 11933 τ

246 11946 331 11995 sOlVfflt
341 11960 363 12002 &
371 11958 474 12005 induceret
482 11960 598 12013 siccitatem,
609 11971 653 11997 non
665 11972 700 12013 1³²·

246 12020 275 12051 Ψ
280 12021 319 12063 l)er
324 12013 701 12069 quidnstauretuthuniditasabsun,

304 12079 388 12132 vssasp.
394 12089 462 12123 ‘aravo
470 12081 530 12126 frate.
537 12070 616 12130 Miscel-

741 8885 914 8943 bylonicasaekum
926 8881 982 8925 fuisse
988 8882 1071 8925 testatur
1077 8882 1130 8925 sacra
1138 8888 1198 8941 Pagi.

741 8959 772 8985 na
794 8949 849 8987 Tum
855 8947 902 8999 quia
908 8945 929 8983 in
936 8941 1025 8998 qualibet
1033 8955 1090 8983 aetate
1099 8939 1198 8997 licetpot'.

742 9001 781 9044 sint
793 9003 857 9043 curari
869 8999 934 9042 morbi
942 9014 968 9041 ex
980 8996 1133 9055 consumptione
1150 8999 1198 9041 sub·

740 9058 814 9101 stantia:
824 9060 911 9101 humidae
921 9060 1011 9113 corporis
1025 9088 1031 9106 ,
1044 9072 1086 9100 non
1097 9070 1162 9099 tamen
1173 9072 1198 9099 ea

740 9131 785 9172 quae
795 9119 885 9173 provenit
895 9119 916 9155 in
928 9115 1012 9161 humido
1025 9113 1104 9157 radicali
1116 9131 1123 9160 5
1137 9122 1159 9160 &
1170 9115 1196 9157 fic

741 9174 866 9223 adolescens,
873 9177 894 9214 δι
900 9172 1006 9228 juvemus
1015 9169 1128 9215 curentur'a
1138 9173 1197 9215 febre

739 9232 829 9281 bestica,
838 9246 943 9274 remanent
950 9233 970 9271 in
982 9230 1019 9271 suis
1029 9230 1119 9271 aetatibus
1130 9259 1136 9276 ,
1149 9234 1198 9287 quia.

739 9304 783 9331 non
792 9294 858 9347 potuit
869 9291 934 9329 curari
946 9286 1041 9328 resolutio
1054 9288 1131 9330 humidi
1144 9290 1196 9331 radi-

737 9347 791 9395 calis,
801 9362 902 9404 perquam
908 9344 1056 9387 constituuntur
1062 9359 1131 9388 aerates.

767 9408 863 9449 Probatur
869 9402 960 9446 secundb
972 9419 976 9441 :
991 9404 1010 9445 Si
1021 9400 1135 9444 retrocessus
1144 9416 1193 9444 ata-

738 9478 783 9504 tum
794 9462 841 9506 esset
851 9463 999 9507 admittendus,
1012 9460 1099 9502 maxime
1105 9463 1162 9516 quia,
1173 9475 1195 9502 ut

737 9520 827 9564 referunt
838 9518 984 9567 Torreblanca‚
996 9523 1017 9561 ὅ(
1026 9523 1102 9573 Areyes
1117 9547 1123 9565 ,
1139 9518 1195 9574 plura

736 9581 758 9619 in
775 9580 833 9621 rebus
842 9590 941 9636 apparent
953 9578 973 9618 id
987 9575 1112 9621 attestantiar
1129 9573 1195 9632 aquila

736 9639 793 9678 enim
804 9639 887 9693 deponit
898 9632 1020 9676 seneclutem
1032 9637 1129 9676 innovatis
1142 9632 1194 9674 cala-

736 9698 774 9735 mis
782 9726 787 9742 ‚
796 9698 816 9735 &
824 9695 924 9751 serpentes
931 9695 1023 9733 innovata
1029 9690 1086 9747 vpelle
1092 9723 1098 9741 ‚
1105 9690 1195 9745 bombyx

737 9751 809 9794 iterum
819 9755 839 9795 in
845 9749 980 9794 aliudanimal
994 9746 1105 9795 reviviscit,
1116 9748 1194 9806 papilio,

739 9812 761 9849 be.
768 9812 846 9858 cicada,
858 9809 967 9865 tilpbaque.
984 9808 1022 9850 Sed
1030 9808 1074 9847 haec
1086 9808 1136 9849 nihil
1149 9820 1194 9861 pro-

738 9866 799 9913 bant5
813 9883 859 9908 nam
867 9869 880 9908 si
892 9867 958 9921 aliqua
966 9862 1113 9906 transmutantur
1124 9869 1144 9906 in
1152 9864 1195 9913 alia,

738 9925 779 9965 hoc
792 9927 861 9982 probat
875 9926 1023 9980 generationem
1031 9924 1093 9963 ‘unius
1109 9938 1133 9962 ex
1145 9921 1194 9968 alio,

738 9997 781 10024 non
788 9979 935 10026 niutarionema
947 9980 1022 10022 teneat
1030 9981 1050 10021 in
1060 9980 1194 10035 juventutem:

741 10054 788 10082 nam
801 10042 815 10083 st
827 10040 893 10097 aquila
907 10042 927 10080 in
943 10035 1011 10079 nerei
1026 10039 1096 10092 plumis
1110 10040 1195 10092 antiquis

737 10097 822 10143 transeat
828 10101 854 10142 ad
862 10110 923 10140 novas
930 10113 936 10141 3
944 10111 977 10137 aut
984 10092 1081 10153 serpensfa
1089 10098 1149 10137 veteri
1158 10109 1195 10135 cu-

737 10158 848 10203 te,inaliam
854 10154 1012 10204 novam,illarum
1021 10155 1106 10209 partium
1111 10152 1132 10193 fit
1140 10166 1195 10193 nova

738 10219 857 10268 generatio,
870 10226 912 10255 non
926 10214 1009 10253 mutatio
1021 10216 1041 10253 in
1057 10209 1101 10252 alias
1118 10224 1194 10254 atatest

736 10271 773 10313 illis
784 10275 838 10315 enim
847 10286 881 10329 per
888 10285 959 10312 omnes
971 10282 1037 10323 aetates
1045 10271 1142 10323 contingit
1154 10267 1194 10308 illa-

735 10329 801 10371 larum
810 10334 894 10387 partium
906 10330 1019 10376 renovatio,
1030 10339 1143 10367 nontamen
1153 10328 1195 10380 ejus

736 10386 860 10434 substantia,
871 10402 906 10444 per
917 10400 978 10442 quam
986 10389 1005 10426 in
1013 10386 1062 10429 hac,
1074 10382 1194 10425 antillaaeta-

736 10459 756 10487 te
764 10445 909 10488 constituuntur
920 10462 924 10484 ι
935 10442 982 10484 licet
993 10446 1046 10485 enim
1054 10454 1132 10483 mutent
1141 10440 1194 10482 cala-

736 10518 789 10553 mos,
795 10518 900 10547 autcutem
906 10531 912 10549 ‚
919 10514 1038 10558 permanent
1047 10502 1139 10540 tamenin
1145 10498 1194 10539 ado·

736 10559 837 10611 lescentiaf,
852 10575 887 10604 aut
896 10559 998 10601 tentante
1011 10587 1017 10605 ‚
1033 10561 1054 10600 in
1066 10556 1138 10611 quibus
1150 10555 1194 10598 illas

736 10633 823 10661 mutant.
1174 10629 1176 10632 ⁴

761 10676 856 10719 Probatur
864 10671 931 10716 tertib:
941 10674 975 10717 Ab
980 10670 1056 10715 eisdem
1063 10670 1188 10713 Authoribus

732 10732 832 10792 profertur
849 10747 887 10790 pto
903 10746 959 10774 certo
971 10759 977 10777 ,
990 10727 1103 10786 quodsum
1117 10729 1187 10786 aliquae

734 10792 808 10849 plantae
820 10792 906 10834 valentes
913 10792 1015 10846 adaugere
1027 10787 1132 10828 humidum
1138 10789 1189 10830 radi-

733 10849 787 10896 caler
798 10857 818 10893 &
829 10848 975 10906 superaddunt,
986 10846 1042 10902 quod
1054 10844 1109 10900 possit
1122 10842 1191 10886 saltem

734 10913 792 10952 Deus
804 10908 842 10949 illas
855 10909 881 10949 de
893 10919 948 10946 novo
960 10918 1027 10946 create
1041 10922 1046 10945 ε
1066 10900 1100 10944 sed
1118 10903 1191 10944 borum

735 10965 898 11023 praesupposrtum
909 10962 938 11003 est
947 10960 1020 11005 salsum.
1041 10964 1096 11003 Tum
1102 10964 1149 11016 quia
1156 10992 1161 11011 ‚
1169 10976 1193 11003 ut

735 11038 820 11081 patetex
829 11025 896 11067 distis,
903 11022 1009 11062 humidum
1016 11018 1100 11061 radicale
1104 11022 1152 11074 petit
1157 11020 1192 11061 sie-

735 11087 752 11125 ti
761 11097 786 11125 ex
797 11083 895 11139 principiis
905 11080 1040 11135 generationis
1050 11080 1102 11118 intra
1113 11091 1192 11119 uterum

736 11143 757 11181 vi
766 11138 862 11183 facultatis
871 11138 1050 11193 formatricis,quae
1060 11148 1101 11176 non
1112 11131 1191 11191 possunt

736 11196 823 11255 suppleri
831 11196 944 11253 perherbas
951 11192 1127 11250 imaginatasabiis
1135 11197 1192 11235 Tum

736 11260 785 11313 qnia
798 11255 867 11299 frustra
877 11255 993 11311 expeciatur
1004 11249 1091 11294 absoluta
1103 11254 1191 11307 porentia

736 11318 779 11359 Dei
790 11316 816 11357 ad
827 11328 869 11355 rem
881 11328 924 11354 non
932 11306 1068 11357 neeessariam,
1082 11310 1137 11350 &ad
1149 11323 1191 11350 rem

737 11373 873 11431 impossibilem
881 11384 907 11412 ex
920 11384 976 11426 parte
989 11367 1052 11417 fatti,
1064 11371 1084 11407 ὅ(
1092 11382 1113 11409 ut
1124 11368 1192 11408 redeat

736 11436 869 11489 praeteritum,
880 11430 906 11471 ad
914 11429 969 11485 quod
977 11441 1020 11468 non
1029 11427 1087 11467 datur
1095 11428 1192 11481 potentia,

734 11488 835 11547 praecipue
845 11502 906 11545 quam
922 11486 947 11529 illi
958 11499 1055 11541 exoptant
1067 11484 1157 11525 invenire
1168 11485 1190 11524 in

735 11548 832 11592 Paracelsi
841 11546 940 11595 remediis,
948 11558 982 11585 aut
990 11545 1010 11583 in
1017 11542 1057 11583 aliis
1063 11541 1133 11597 herbis

766 11606 861 11651 Probatur
875 11600 950 11659 quarto
961 11616 986 11641 ex
996 11599 1092 11649 Galerio,
1104 11600 1139 11657 qui
1154 11614 1191 11640 no·

736 11663 796 11707 stram
803 11664 908 11705 confirmat
917 11660 1025 11703 doctrinam
1033 11657 1092 11700 abac
1098 11655 1194 11711 marasmn

736 11736 802 11780 cap.4.
809 11723 877 11764 dicens
886 11736 891 11758 ε
905 11723 926 11758 Si
933 11718 1056 11776 igittrfacerc
1062 11714 1146 11773 prturffet
1155 11731 1191 11755 aa·

738 11795 783 11824 tura
796 11813 802 11830 ,
812 11792 833 11821 ut
843 11779 934 11834 postquam
948 11779 1035 11819 animal,
1048 11776 1155 11830 vel-stirpes
1166 11772 1193 11813 ad

738 11845 820 11895 vigorem
832 11836 887 11892 usqne
896 11833 1005 11892 perduretffet
1014 11865 1020 11879 ,
1030 11833 1194 11887 aliamrurfitsvt'-
1218 11857 1219 11860 =

739 11899 787 11940 ribus
796 11911 859 11953 pareat
873 11894 964 11935 induceret
975 11895 1128 11935 elementariam
1140 11922 1146 11940 ‚
1161 11889 1195 11930 hoc

739 11962 803 12012 itaque
809 11956 902 11995 duntaxat
912 11954 963 11994 morlo
969 11952 1009 12008 fine
1015 11948 1066 12005 senio
1075 11967 1110 11995 ‚ac
1119 11960 1194 12003 corrup-

741 12020 791 12059 tione
802 12045 808 12060 ‚
819 12017 857 12069 tius
867 12012 976 12070 pctdntarrt
982 12010 1067 12110 fabricae·
1082 12011 1137 12069 Ergo
1145 12008 1198 12106 ctipln}

919 12081 921 12087 '¹
1183 12076 1199 12105 ts
