7350 12967
434 8502 589 8592 seat·
604 8502 791 8599 navia.
826 8498 1061 8604 anniv:
1144 8510 1219 8619 3
1298 8466 1300 8470 ‘

258 8626 590 8689 abnugnffinonnbateha‘refibts.
597 8637 722 8683 DzTho'mas
729 8648 749 8687 A
758 8632 822 8691 potest
829 8635 941 8679 conservari
954 8635 1061 8695 separatas
1071 8623 1219 8693 materiamen

262 8708 278 8732 2.
284 8702 350 8730 contra
355 8696 512 8747 gentemque.
520 8695 569 8741 &in
576 8706 680 8752 r.part.q.t
688 8702 718 8741 18.

259 8759 321 8789 arez.
334 8752 402 8804 palam
411 8750 518 8807 profitetur
524 8752 579 8794 hunc
585 8768 673 8795 errorem
680 8752 719 8797 effe

259 8805 362 8855 haeresim,
374 8811 422 8863 quia
431 8824 457 8851 ex
468 8808 504 8850 illo
509 8812 648 8859 convincitur,
660 8814 717 8870 quod

259 8865 327 8905 anima
332 8866 430 8908 rationalis
436 8867 521 8909 deberet
525 8866 563 8909 effe
568 8869 664 8912 mortalis.
672 8873 717 8913 Co·

259 8920 401 8965 nimbricenses
406 8929 657 8982 exeocouvincnnt,quia
663 8929 718 8971 nulla

259 8981 322 9019 virtus
332 8983 395 9022 afliva
404 8986 445 9038 agit
452 8982 505 9023 ultra
517 8981 574 9025 suum
587 8997 651 9039 genus
664 9003 670 9026 :
684 8984 718 9029 sed

258 9039 325 9079 anima
331 9038 438 9089 rationalis,
445 9041 494 9082 clim
503 9041 526 9083 sit
534 9039 649 9097 spititualis,
656 9058 717 9085 exce-

259 9094 290 9135 dit
296 9106 361 9149 genus
367 9109 443 9139 natura:
450 9112 554 9155 corporeae
561 9116 566 9138 :
574 9112 625 9154 ergo
631 9114 674 9142 non
681 9117 717 9143 va-

259 9151 288 9194 let
296 9156 368 9209 attingi
376 9157 447 9197 virtute
458 9170 567 9213 corporea,
577 9163 601 9213 ¹&
615 9171 651 9213 per
663 9159 717 9202 illam

262 9213 338 9252 virtute
345 9211 421 9253 leminis
430 9228 455 9255 ex
463 9216 546 9256 traduce
554 9214 640 9256 derivari
649 9231 674 9257 ex
686 9216 718 9258 se-

259 9269 320 9310 mine.
342 9271 398 9311 Tum
405 9275 453 9325 quia
462 9271 566 9326 fialicujus
573 9277 679 9326 generatio
689 9274 720 9316 est

260 9322 317 9367 eausa
327 9342 349 9368 ut
354 9327 431 9384 aliquid
436 9330 471 9377 stt,
479 9331 523 9385 ejus
529 9328 628 9372 dissolutio
635 9330 663 9371 est
672 9347 717 9374 cau·
731 9346 747 9385 Β

260 9381 308 9425 saut
320 9398 387 9440 pereat
401 9405 406 9427 z
419 9384 453 9429 sed
466 9386 567 9430 dillolutio
577 9390 649 9431 animae
661 9393 718 9432 ratio-

260 9441 310 9483 nalis
323 9440 335 9482 b
347 9457 482 9499 corpotenon
495 9444 524 9487 est
533 9444 602 9493 causa,
610 9461 632 9487 ut
641 9447 672 9489 illa
681 9462 719 9504 pe-

261 9514 316 9546 reat,
328 9501 376 9542 curn
385 9516 465 9546 maneat
473 9500 586 9546 immortalis
600 9520 605 9542 :
619 9517 669 9561 ergo
680 9522 718 9549 nec

260 9559 357 9600 traducltio
363 9573 389 9599 ex
397 9559 471 9602 semine
477 9576 513 9617 pet
520 9564 672 9617 generationem
683 9579 719 9621 po-

261 9615 344 9658 tuitelle
351 9616 487 9661 cansaaninia
494 9620 598 9662 rationalis.
610 9623 665 9664 Tum
673 9626 719 9677 quia

261 9688 323 9716 omne
333 9688 397 9730 agens
409 9676 500 9717 naturale
514 9677 535 9718 id
546 9679 624 9720 tantum
634 9683 720 9735 attingit,

261 9734 317 9786 quod
328 9731 492 9788 sttdependenslt
502 9737 583 9775 materia
595 9752 600 9773 ε
615 9733 648 9776 sed
655 9741 720 9779 anima

757 8694 929 8739 dicitureducide
936 8694 986 8738 illius
994 8700 1089 8752 potentia.
1110 8702 1220 8743 Hanc'do*
1278 8699 1282 8703 ³

756 8753 839 8793 &trinam
847 8768 948 8812 receptam
954 8767 980 8797 ex
990 8753 1094 8796 Aristotele
1101 8756 1213 8803 demetunt

758 8812 785 8853 D.
789 8810 878 8853 Thomas
885 8825 951 8867 spart.
956 8812 1040 8870 ΜΨ
1045 8817 1105 8855 mals.
1110 8814 1213 8857 Henritus

759 8869 826 8910 (land
833 8871 930 8924 quodlibu.
937 8886 990 8927 quas·
1002 8874 1071 8913 scotus
1081 8890 1095 8912 2-
1103 8869 1215 8925 distractus?

758 8926 882 8981 qustum,
895 8931 1004 8971 Durandus
1018 8929 1074 8983 quast.
1082 8947 1097 8969 2·
1113 8930 1211 8971 Hatvacus

758 8988 812 9025 tram
821 8985 843 9024 de
850 8989 916 9028 unitur.
926 8987 1003 9043 format.
1014 8992 1036 9031 ὃ(
1049 9001 1120 9030 tenent
1130 8989 1212 9045 Peripa<

758 9056 819 9085 tenet·
1180 9075 1182 9080 ι
1197 9058 1199 9061 ’

943 9147 963 9191 §.
984 9144 1031 9185 111.

757 9238 862 9281 elucidatur
866 9238 934 9283 modus,
940 9254 973 9294 quo
976 9239 1043 9294 forma,
1050 9237 1213 9297 &animapoffimt

875 9299 910 9338 dici
924 9297 956 9354 effe
969 9302 988 9339 in
1001 9300 1097 9339 elementis.

807 9392 942 9436 Esolvendutn
955 9391 1064 9441 secuudb,
1080 9396 1135 9450 qnod
1145 9396 1213 9439 forma

800 9455 898 9501 ,viventes
905 9453 1014 9494 materiales
1022 9453 1084 9493 latent
1090 9467 1185 9508 tanquam
1191 9458 1213 9495 in

757 9510 795 9564 suis
801 9508 910 9553 seminariis
919 9514 939 9552 in
949 9510 1052 9552 elementis
1057 9510 1085 9551 ob
1091 9510 1214 9553 obedientia-

757 9566 785 9607 les
795 9582 865 9610 eorum
877 9572 975 9625 potentias
981 9570 1007 9611 ad
1014 9568 1136 9624 recipiendas
1141 9568 1215 9610 formas

756 9624 890 9669 substantiales
896 9630 973 9668 mixtas.

787 9686 883 9727 Probatur
890 9681 955 9740 primb
964 9699 989 9726 ex
1001 9686 1028 9727 D,
1034 9682 1147 9740 Augustino
1157 9682 1188 9725 tib.
1197 9686 1216 9734 3ss

757 9740 780 9780 de
788 9743 975 9796 winimanno-&r
984 9747 1001 9784 8.
1009 9742 1043 9783 ubi
1054 9742 1215 9791 docet,omnium

251 9790 358 9844 ¹rationalis
366 9790 395 9831 est
409 9804 442 9832 ens
454 9792 592 9848 independens
605 9791 617 9833 ὲ
627 9799 718 9837 materia:
759 9812 805 9852 quat
811 9802 837 9842 ad
850 9800 918 9841 oeulos
929 9800 1004 9841 nostros
1015 9801 1128 9855 prodeunt,
1136 9798 1215 9841 occulta

261 9860 312 9902 ergo
323 9852 394 9903 nequit
405 9849 430 9890 ab
440 9863 516 9906 agente
521 9851 607 9892 naturali
616 9866 642 9891 ex
654 9855 722 9894 tradu·
759 9860 851 9911 quaedam
863 9856 939 9898 semina
945 9872 969 9898 ex
976 9858 1079 9898 elementis
1085 9856 1155 9901 mundi
1163 9856 1215 9899 lare-

261 9919 285 9945 ce
292 9910 388 9960 generari.
403 9909 511 9964 Tumquia
522 9906 589 9949 falsitas
595 9908 657 9964 hujus
667 9926 720 9952 erro·
760 9928 791 9960 re,
798 9930 834 9971 per
842 9929 886 9971 quac
894 9919 930 9956 alia
937 9930 981 9967 quae
992 9918 1012 9955 in
1023 9912 1104 9956 occulto
1116 9927 1184 9963 etant,
1194 9918 1216 9956 in

262 9964 287 10002 ris
294 9961 411 10005 confutatur
422 9962 530 10021 lapluribus
542 9967 631 10009 Patribus
644 9971 720 10023 agenti-

761 9986 852 10027 apertutn
859 9974 1020 10028 progrediuntur.

262 10018 331 10060 busde
342 10026 413 10063 animat
425 10028 517 10079 origine,
534 10027 554 10063 δι
564 10024 651 10065 Zachias
659 10025 748 10074 dodeC
790 10030 887 10073 Probatur
902 10028 994 10072 l'ecundb
1009 10043 1035 10070 ex
1048 10027 1217 10071 Conimbricenfi-

262 10076 387 10134 prosequitur
396 10079 448 10122 illius
454 10080 618 10123 confutationem.

450 10180 469 10224 s·
499 10181 508 10219 l
522 10180 537 10219 Ι.

262 10270 330 10313 Modus
342 10287 377 10329 qua
387 10275 486 10315 educuntur
493 10274 555 10329 forma
563 10275 675 10330 deputentnr
682 10296 720 10322 ma-

366 10336 424 10376 teria,
429 10345 495 10388 prater
501 10337 614 10374 rationalem.

262 10424 446 10535 REsolvendum
459 10444 508 10471 cum
528 10430 651 10479 Aristotele,
666 10434 723 10489 quod

311 10488 382 10528 anima
388 10491 448 10529 vitam
456 10486 579 10544 praestantes‚
588 10494 723 10546 praetertario-

264 10542 334 10583 nalem
346 10572 352 10590 ,
362 10545 479 10588 educuntur
490 10548 515 10588 de
528 10552 619 10603 potentia
630 10553 722 10599 materiae,

264 10599 336 10641 nullibi
347 10604 401 10657 prius
417 10605 463 10645 adu
482 10604 592 10649 existentes.
613 10607 722 10648 Rationalis

263 10654 314 10698 verb
324 10655 336 10697 a
349 10662 397 10703 Deo
408 10675 514 10705 creaturex
526 10663 588 10706 nihilo
596 10661 632 10704 sui.

759 10086 812 10135 bus,
825 10091 859 10142 qui
872 10101 907 10143 per
923 10095 1008 10129 rationes
1022 10084 1131 10129 seminarias
1147 10089 1218 10129 dicunt

674 10160 679 10168 ·
738 10195 743 10201 θ
759 10146 810 10186 nihil
818 10145 874 10186 aliud
883 10145 977 10202 intelligi,
987 10146 1023 10188 nist
1034 10147 1131 10202 potentias
1137 10160 1218 10187 natura-

759 10202 808 10244 lium
816 10200 929 10251 causarum,
938 10203 972 10245 seu
979 10207 1091 10260 agentium,
1098 10200 1131 10243 seu
1142 10206 1219 10257 patien-

759 10264 815 10302 tium·
836 10263 948 10309 Dicuntur,
957 10266 1064 10316 inquiunt,
1077 10259 1138 10303 latbte
1147 10259 1217 10302 fortnae

759 10318 904 10366 inclementis,
915 10319 1020 10375 nonquast
1031 10322 1052 10359 in
1064 10318 1108 10374 ipsis
1119 10316 1219 10367 anunm,

761 10373 796 10417 sed
804 10376 897 10432 potentis„
915 10379 945 10419 Ex
954 10378 1026 10432 quibus
1033 10374 1123 10421 constat,
1134 10374 1219 10429 qualiter

763 10432 831 10476 sormae
837 10438 928 10476 viventes
936 10437 1028 10477 dicantur
1036 10430 1075 10475 else
1081 10433 1219 10478 inclementis,

764 10494 785 10531 δε
792 10493 957 10548 reliquaemixtat,
966 10493 1015 10535 sicut
1026 10491 1096 10534 forma:
1109 10491 1220 10533 elemento·

763 10564 809 10595 tum
817 10554 837 10591 in
845 10554 927 10592 materia
934 10553 1001 10606 prima.
1053 10598 1057 10600 ἡ

792 10608 889 10650 Probatur
905 10606 964 10650 tertid
979 10609 1054 10651 ratione
1070 10605 1220 10659 fundamentali,

763 10680 789 10706 ex
796 10669 822 10706 eis
829 10681 874 10722 quat
880 10666 967 10707 diximus
974 10680 1035 10708 tomu-
1044 10665 1218 10719 tresolanMedicar.

259 10766 261 10769 Ι
292 10719 349 10759 Patet
365 10718 409 10761 haec
427 10720 518 10763 domina
533 10722 659 10764 admittendo
672 10736 720 10763 cum
729 10729 750 10770 D
763 10724 824 10780 disput.
831 10742 847 10765 2·
855 10722 900 10777 set?
907 10743 923 10766 2.
939 10724 973 10766 ubi
983 10723 1171 10771 demonstravimus,
1179 10723 1219 10765 sor-

263 10772 403 10833 Philosophis‚
412 10779 471 10834 quod
478 10778 588 10836 duplexest
599 10780 724 10822 admittenda

221 10873 226 10878 ,
264 10836 353 10888 potentia
361 10838 384 10876 in
392 10835 451 10878 rebus
460 10856 466 10879 :
480 10836 518 10880 alia
531 10837 637 10884 naturalis,
646 10837 725 10894 quaeest

264 10893 315 10932 ordo
326 10922 332 10939 ,
345 10896 461 10950 proportio,
472 10894 599 10939 inclinatiove
611 10897 688 10952 'cuique
696 10898 726 10938 tei

264 10950 321 10990 instra
333 10953 359 10993 ad
373 10953 395 10993 id
406 10952 466 11011 quod
479 10954 514 10995 fibi
524 10952 682 10997 consentaneum
690 10954 726 11001 est,

264 11008 346 11061 qualem
353 11009 414 11052 habet
421 11014 503 11052 materia
510 11013 535 11053 ad
548 11010 635 11053 sormam
644 11012 678 11054 sibi
691 11028 726 11053 eo-

263 11078 359 11120 aptatam,
368 11067 478 11111 intellectus
485 11071 510 11112 ad
519 11068 680 11125 intelligendum,
689 11074 726 11112 vir·

266 11135 298 11162 ωδ
305 11123 359 11169 oculi
371 11128 396 11170 ad
409 11128 525 11170 videndum
537 11127 583 11168 Aila
597 11126 626 11168 est
639 11130 727 11183 porentia

265 11180 409 11235 obedientialis,
415 11200 459 11241 quae
466 11184 494 11226 est
502 11186 601 11242 aptitudo,
608 11182 642 11228 seu
650 11202 690 11229 non
696 11201 727 11228 te-
749 11187 752 11193 '

265 11245 389 11294 pugnantia,
398 11258 459 11299 quam
467 11243 529 11285 babet
539 11242 605 11299 aliqua
618 11258 651 11284 res
659 11246 685 11287 ad
692 11244 727 11286 ob·

267 11298 373 11341 tinendum
387 11302 462 11357 aliquid
472 11303 497 11344 ab
509 11318 544 11349 eo,
561 11306 593 11343 cui
601 11302 633 11344 vel
650 11317 727 11359 ptaeter,

266 11354 300 11395 vel
311 11355 371 11412 supra
378 11374 452 11401 natutae
463 11362 547 11402 modum
554 11359 728 11418 obedireaptaest,

763 10797 805 10824 mas
810 10785 912 10829 viventes,
927 10788 947 10825 &
958 10783 1043 10837 reliquas
1049 10786 1117 10824 mixtas
1126 10797 1167 10823 non
1180 10778 1220 10823 esse

764 10855 818 10897 aptas
827 10856 847 10882 vt
857 10842 980 10896 recipiantur
986 10843 1006 10883 in
1015 10842 1097 10882 materia
1108 10843 1170 10897 prima
1177 10854 1222 10895 pto·

765 10897 833 10945 mmet
843 10895 879 10939 sed
887 10901 958 10954 requiri
965 10900 1066 10942 materiam
1080 10901 1162 10954 primam
1169 10899 1223 10953 prins

766 10955 824 10998 fuiffe
833 10953 868 10997 sub
880 10955 949 10998 formis
965 10955 1123 11003 elementorum,
1134 10969 1160 10995 ex
1169 10969 1223 11011 quo·

766 11030 813 11057 rum
824 11018 965 11056 commixtione
976 11012 1057 11056 resultet
1067 11016 1158 11070 quadam
1168 11015 1223 11053 mix-

768 11075 796 11113 tio
810 11072 945 11129 qualitatum,
960 11080 981 11116 &
991 11075 1119 11114 materiatum
1136 11069 1224 11127 ipsorum

766 11129 912 11173 elementorum
919 11161 925 11178 ,
932 11146 977 11188 quac
984 11130 1006 11171 fit
1016 11143 1106 11185 coaptata
1117 11128 1223 11186 proforma

767 11186 885 11230 substantiali
895 11192 956 11231 mixta
965 11188 1079 11243 recipienda
1089 11190 1109 11230 in
1117 11187 1150 11231 tali
1161 11187 1224 11229 mixta

768 11249 897 11304 proportione
922 11250 1047 11290 materiarum
1070 11245 1224 11288 elementorumt

769 11305 819 11347 sicut
826 11318 862 11347 nec
870 11304 936 11347 forma
945 11321 966 11347 ut
973 11307 1042 11346 vivens
1050 11335 1055 11352 ,
1064 11304 1127 11360 potest
1134 11305 1195 11359 recipi
1203 11304 1224 11343 iu

770 11362 906 11409 materiamifi
913 11366 934 11404 in
943 11363 976 11404 tali
982 11366 1113 11419 proportione
1119 11363 1224 11418 organiza-

267 11412 332 11467 qualis
344 11415 373 11456 est
385 11421 476 11474 potentia
489 11417 540 11475 ligni
551 11419 577 11459 ad
589 11420 726 11475 recipiendam
737 11420 753 11460 E
766 11416 929 11476 tionissrequisitae
936 11436 972 11479 pro
979 11419 1012 11461 illa
1022 11440 1027 11461 ι
1041 11424 1061 11461 ὃ(
1069 11419 1169 11463 ficformae
1180 11417 1225 11459 ele-

267 11469 353 11514 formam
368 11474 436 11518 statuat.
458 11477 488 11517 Ex
498 11480 519 11518 iis
527 11477 727 11534 concludirut,quod

267 11527 353 11572 formam
361 11535 420 11576 educi
427 11536 452 11577 de
458 11537 548 11591 potentia
554 11537 652 11581 materiae,
661 11535 697 11577 stat
706 11538 727 11577 in

245 11610 247 11613 v
268 11586 309 11629 hoc
321 11592 378 11645 quod
387 11594 432 11635 duae
441 11606 560 11634 concurrant
568 11593 692 11635 conditiones
704 11596 726 11637 in

269 11651 351 11690 materia
359 11654 434 11706 prima:
448 11666 498 11696 vna,
506 11651 562 11707 qnod
573 11650 618 11692 insit
630 11651 657 11691 illi
670 11667 726 11695 natu·

268 11704 311 11745 ralis
320 11711 425 11761 potentia,
435 11707 483 11751 alias
492 11711 570 11751 eductio
581 11723 623 11749 non
632 11707 680 11752 effet
689 11725 726 11752 na-

271 11763 351 11806 ruralis:
360 11766 428 11819 altera,
438 11768 496 11826 qnod
503 11766 567 11809 forma
578 11781 623 11822 quae
629 11768 727 11818 educitur,

270 11819 311 11862 fine
324 11821 375 11866 illius
385 11824 510 11870 adminiculo
518 11839 603 11880 nequeat
614 11824 679 11873 effici,
689 11840 728 11867 nec

270 11888 426 11936 permanere,id
430 11884 466 11935 est,
473 11884 530 11941 quod
537 11883 601 11925 sonna
609 11885 697 11939 pendeat
708 11885 731 11927 in

270 11936 327 11987 fieri,
338 11943 479 11987 &conservari
490 11940 591 11984 dmateria
602 11960 608 11982 z
621 11946 643 11983 δι
650 11939 730 11984 defedtu

267 11993 333 12052 hujus
343 12002 466 12049 conditionis
477 12005 543 12046 anima
557 12000 668 12053 rationalis,
683 12013 729 12058 quat

767 11494 882 11521 mentorum
896 11480 1011 11521 educuntur
1028 11493 1053 11519 ex
1065 11482 1147 11521 materia
1160 11478 1225 11535 prima

767 11535 1025 11581 tamumformaeutmixrae
1032 11538 1146 11581 educuntur
1151 11550 1177 11577 ex
1183 11547 1225 11576 nia-

767 11597 820 11636 teriis
830 11610 874 11650 quac
884 11595 957 11638 suerint
964 11595 999 11638 sub
1004 11593 1073 11636 formis
1079 11594 1226 11638 elementorum

766 11654 877 11696 commixtis
884 11668 921 11710 pto
928 11654 1003 11697 illarum
1015 11651 1166 11695 conservatione
1173 11668 1178 11692 ε
1185 11650 1226 11693 for-

766 11726 805 11754 mae
813 11714 906 11754 viventes
914 11714 1038 11769 recipiuntur
1045 11714 1065 11753 in
1075 11714 1154 11755 materia
1161 11712 1226 11768 prima

768 11768 835 11813 debite
840 11772 988 11820 commixtam
995 11773 1121 11826 organum,
1133 11774 1154 11811 δι
1164 11783 1187 11810 ut
1198 11766 1225 11809 fic

769 11828 863 11871 dicuntur
874 11831 975 11871 contineri
986 11833 1007 11872 in
1015 11828 1120 11873 elementis
1129 11839 1226 11883 tanquam

771 11886 793 11930 in
806 11886 845 11929 suis
855 11882 970 11931 seminariis.

1152 12034 1172 12109 εξ
1185 12062 1229 12105 tv..
