7350 12967
423 8473 617 8589 Disputl.
653 8476 724 8565 De
745 8469 907 8575 Vita&
923 8477 1072 8570 Morte

456 8644 474 8690 §-
504 8642 546 8686 IV.

295 8737 461 8783 araditurmodas,
475 8751 509 8793 quo
518 8741 644 8781 mnesanima
651 8737 697 8794 fimt

464 8799 484 8836 in
497 8804 539 8837 Deo.

321 8900 454 8945 Esolrendum
461 8898 521 8943 tertio
529 8933 535 8950 ‚
549 8902 605 8957 quod
612 8905 634 8943 in
642 8905 683 8947 Dei
690 8918 729 8960 po-

321 8963 381 9001 tentia
390 8974 509 9016 permanent
516 8963 559 9001 vitae
566 8990 571 9007 ‚
579 8967 600 9004 at
607 8960 677 9003 formae
683 8978 729 9003 om-

269 9033 306 9059 nes
314 9021 405 9059 viventes
414 9018 510 9073 poslibiles
517 9047 524 9064 ‚
531 9032 628 9075 tanquam
637 9022 657 9061 in
666 9022 730 9061 virtu·

270 9089 291 9117 te
298 9073 362 9117 cause
369 9074 381 9116 a
389 9090 428 9131 qua
437 9077 579 9131 producuntur.

300 9135 404 9175 Probatur.
417 9136 728 9182 Formatomnesviventes‚tan-

733 8614 754 8656 A
764 8606 875 8653 tensnmde
883 8627 953 8655 natura
958 8617 1025 8671 ignea,
1032 8616 1083 8657 itant
1090 8613 1113 8657 fit
1125 8616 1230 8673 ignisejns

766 8669 834 8716 astus,
855 8669 890 8712 len
902 8669 1010 8713 substantia
1021 8701 1027 8718 2
1039 8687 1074 8725 aut
1085 8672 1167 8715 flamma
1176 8705 1182 8722 ,
1192 8690 1228 8717 aut

768 8724 841 8767 halitus
853 8731 952 8781 proximus
959 8731 1047 8772 flamma„
1197 8768 1199 8772 ,

797 8783 866 8825 Primd
881 8800 964 8843 conatur
977 8786 1059 8829 suadere
1076 8790 1115 8830 boc
1132 8788 1231 8844 placitum>

769 8840 876 8884 tribuendo
891 8844 942 8886 illud
955 8848 1087 8902 Hippocrati,
1100 8849 1191 8895 Galeno,
1207 8853 1230 8890 ὅῑ

768 8897 976 8959 Aristoteli,illudque
985 8903 1042 8945 limul
1048 8907 1172 8959 imponendo
1182 8908 1232 8946 Fer..

769 8956 823 8998 nelio
830 8987 836 9005 ,
844 8960 945 9010 Henna,
951 8962 1051 9007 Carrefio,
1060 8962 1198 9017 Hogelando‚
1207 8966 1228 9002 δε

769 9014 869 9071 praecipue
881 9018 989 9061 Honorato
1008 9020 1070 9061 Fabro
1084 9020 1147 9074 palam
1166 9019 1226 9076 profi-

771 9076 826 9121 tenti,
832 9075 888 9128 quod
895 9074 1000 9118 brutorum
1007 9080 1071 9117 anima
1081 9078 1102 9119 lit
1109 9080 1165 9133 ignis,

799 9128 893 9173 Secundo
907 9150 911 9170 :
925 9138 1017 9176 Animata
1031 9135 1056 9175 ab
1069 9138 1180 9180 inanimatis
1192 9147 1228 9189 per

271 9203 332 9246 quam
349 9194 369 9231 iu
379 9194 451 9232 virtute
465 9188 526 9231 causac
534 9189 636 9233 efficientis
645 9223 651 9240 ,
666 9190 730 9234 sollim
772 9186 812 9228 hoc
820 9187 984 9245 distinguuntur,
994 9194 1050 9246 quod
1058 9192 1106 9235 ficut
1115 9194 1229 9235 accendun-

270 9245 351 9303 poffunt
364 9244 402 9289 effe
419 9250 440 9289 in
449 9251 522 9290 virtute
536 9246 597 9289 causae
609 9246 620 9289 ὲ
633 9265 672 9306 qua
686 9246 732 9305 pos.
772 9258 804 9285 rur
810 9248 830 9286 in
836 9245 855 9287 se
862 9250 979 9299 inanimata,
990 9249 1015 9291 sic
1026 9252 1145 9292 inanimatis
1153 9264 1229 9291 accen-

208 9351 211 9355 ,
271 9304 316 9346 sunt
328 9305 370 9348 fieri
383 9336 389 9353 ‚
404 9310 424 9347 ὅ(
439 9308 521 9362 produci
534 9324 540 9348 2
562 9304 596 9349 scd
609 9304 621 9347 ὲ
632 9305 672 9349 [010
683 9311 758 9353 1300ss
773 9302 939 9360 dunturspiritus;
949 9311 1025 9363 ergoin
1034 9312 1122 9350 animaris
1132 9306 1229 9349 r'ormaest

272 9359 354 9419 poffunt
368 9363 421 9406 effici
436 9381 441 9403 :
461 9378 509 9420 ergo
521 9367 541 9406 in
554 9361 592 9406 sola
602 9366 646 9421 ejus
659 9380 732 9422 poren-

271 9424 298 9463 tia
306 9420 385 9478 poliunt
397 9419 451 9471 effe,
461 9436 557 9478 tanquam
571 9426 591 9464 in
605 9424 732 9478 producentis

248 9522 250 9527 ,
272 9480 354 9523 virtute·
383 9482 512 9523 Probavimus
530 9484 628 9522 minorem
645 9480 732 9523 latillrme

273 9540 294 9577 in
310 9550 357 9577 tomo
371 9558 389 9593 3.
407 9536 479 9593 resultat.
496 9554 524 9580 ιι,
546 9538 634 9593 pluribus
649 9542 732 9579 rationi-

272 9595 310 9635 bus
321 9596 413 9638 dedudlis
427 9610 453 9638 ex
468 9597 527 9637 Scoto
542 9600 561 9636 in
572 9616 588 9638 z.
602 9604 681 9638 sentent.
699 9598 731 9637 di-

271 9654 375 9709 stlanrS.

301 9712 347 9753 Nec
363 9725 390 9752 ex
403 9710 443 9751 hoc
456 9722 553 9764 negamus
567 9739 572 9757 ,
588 9710 631 9751 dari
645 9712 732 9768 aliquam

271 9769 372 9810 astionem
386 9782 518 9810 creaturarum
532 9771 553 9810 in
565 9782 632 9809 rerum
646 9783 731 9824 genera·

270 9825 398 9876 tionibus‚ut
405 9838 503 9881 negarunt
514 9824 620 9868 Aliacensis
627 9836 732 9877 4.Smterrt.

270 9884 349 9939 distinc'z‘.
361 9905 378 9927 ι’.
391 9882 471 9926 Gabriel
484 9884 559 9938 dislinli.
568 9885 667 9939 2.quaest.1,
680 9901 731 9942 quos

272 9941 361 9984 refutant
370 9944 472 9984 Dalion.
482 9942 733 9999 2-distin8upuastrarrn4.

275 10006 379 10045 Averro'cs
388 10000 527 10056 lib.9.Metnph,
534 10006 554 10043 &
560 9997 596 10041 alii.
605 10004 760 10051 AdmittimusC

275 10060 332 10099 enim
343 10057 399 10114 quod
411 10062 491 10113 agentia
503 10054 600 10100 naturalia
609 10073 733 10103 concurrunt

273 10116 300 10159 ad
319 10121 455 10174 generationes
465 10118 591 10164 viventium,
604 10118 700 10172 ponendo
711 10122 732 10160 in

272 10169 326 10229 paffo
342 10174 491 10229 dilposrtionem
505 10178 638 10229 corruptivam
655 10174 730 10218 forma-

255 10256 257 10259 ·
273 10246 319 10273 rum
329 10233 502 10274 antecedentium:
512 10230 656 10282 tenerenturne,
667 10249 689 10275 ut
699 10235 731 10275 fa-

274 10303 342 10330 tentur
349 10284 525 10338 Conimbrice‘nses,
533 10292 640 10345 important
645 10290 731 10333 necessa-

274 10349 324 10388 riam
336 10346 472 10389 habitudinem
484 10349 509 10390 ad
521 10348 675 10404 produffivm,
691 10351 732 10393 hoe

274 10404 302 10445 est
318 10405 344 10446 ad
363 10407 450 10453 Deum,
471 10408 493 10449 in
505 10408 561 10462 cujus
577 10408 651 10448 virture
667 10410 733 10452 conti-

274 10476 355 10505 nentur·

272 10572 726 10591 Μῄ-

328 10628 330 10631 V
350 10642 498 10695 Rasotvrro
536 10650 658 10706 Quinta,

278 10736 283 10740 ⁴
295 10748 378 10795 Utrum
387 10745 504 10796 brutorum
512 10746 590 10799 virasit
597 10740 709 10818 corporea.

478 10862 497 10907 ἕ.
519 10861 533 10901 l.

288 10944 333 10979 Pars
345 10936 462 10991 affirmativa
474 10944 594 10997 proponitur,
606 10940 718 10996 &sillaim

276 11038 376 11140 Vitam
387 11038 472 11079 diximus
483 11038 521 11080 elle
528 11042 625 11091 mimam,
633 11054 692 11096 prout
704 11038 734 11081 est

328 11098 445 11150 principium
457 11096 540 11140 radicale
553 11100 692 11153 operationum
702 11101 733 11139 vi-

277 11151 351 11194 talium.
367 11152 536 11211 Estduplextalia
547 11153 663 11211 spiritualia,
671 11155 733 11211 qualis
745 11174 749 11178 ·

276 11208 308 11251 est
322 11210 419 11253 rationalis
429 11226 435 11255 5
451 11212 487 11254 alia
496 11226 603 11269 corporea,
614 11216 687 11269 quaein
697 11227 731 11255 ve-

277 11268 404 11324 getabrlibus,
415 11272 436 11310 ἃ
451 11269 512 11312 bruris
523 11285 643 11328 corporeum
654 11270 731 11328 praestat

276 11322 321 11376 effe
336 11328 399 11369 Deea
408 11340 452 11381 qnae
459 11330 479 11370 in
487 11329 547 11370 brutis
554 11331 663 11386 reperitur,
672 11329 731 11372 dubi-

772 9361 823 9414 ignis
833 9361 925 9406 relucens
936 9369 956 9405 in
964 9364 1006 9407 illis.

801 9418 888 9463 Tertid:
902 9422 973 9464 Similis
985 9421 1014 9463 est
1026 9426 1077 9479 ignis
1089 9437 1159 9464 natura
1172 9424 1193 9464 in
1203 9421 1229 9472 le,

771 9473 819 9516 ficut
830 9490 913 9532 apparet
922 9482 944 9519 in
957 9480 1018 9521 brutis
1030 9499 1035 9519 ι
1051 9495 1077 9521 ex
1090 9495 1131 9536 qno
1141 9495 1230 9537 apparet,

772 9535 828 9587 quod
834 9534 863 9575 est
872 9539 923 9590 ignis
930 9540 950 9578 in
957 9536 1018 9579 brutis
1028 9538 1107 9579 illorum
1115 9541 1181 9579 anima
1188 9555 1194 9583 5
1201 9537 1229 9579 est

772 9591 825 9631 enim
838 9596 925 9649 partium
935 9592 1086 9638 substantialium
1099 9599 1119 9637 in
1131 9610 1187 9637 motu
1194 9610 1230 9650 pe·

773 9652 828 9689 renni
837 9650 960 9694 existentium
967 9672 973 9701 5
982 9659 1002 9697 bc
1010 9657 1030 9694 in
1038 9668 1124 9710 qnorum
1132 9667 1185 9695 nova
1194 9666 1229 9708 ge·

772 9704 810 9746 nesi
823 9713 921 9762 partium,
931 9725 954 9751 ac
963 9712 1044 9752 aliarum
1056 9708 1134 9752 deterit
1143 9715 1163 9751 bl
1172 9726 1230 9754 motu

771 9762 807 9804 stat
813 9765 940 9809 conservatio.
959 9770 1023 9825 Qrod
1030 9772 1051 9809 in
1058 9768 1138 9811 animali
1149 9772 1229 9809 contin·

773 9824 812 9876 git,
820 9828 876 9877 quod
885 9839 911 9865 ex
917 9830 1013 9868 continuo
1022 9825 1118 9867 alimento
1124 9840 1230 9880 ‚tanquam

772 9893 797 9919 ex
804 9881 877 9934 pabulo
884 9897 986 9938 permanet
993 9904 998 9925 z
1004 9897 1029 9925 ex
1036 9882 1166 9939 quoconstat,
1173 9885 1230 9939 quod

773 9940 825 9993 ignis
833 9942 853 9981 in
862 9940 923 9983 brutis
932 9941 955 9983 fit
962 9942 1042 9985 illorum
1051 9941 1121 9983 forma

963 10044 982 10088 §.
1010 10042 1042 10082 ll.

784 10141 821 10175 Nec
832 10137 890 10191 ignis,
906 10152 937 10176 nec
950 10140 1014 10192 aliqua
1025 10138 1073 10177 illius
1082 10135 1217 10195 fiabstantiaess

918 10194 1008 10237 brutorum
1018 10194 1087 10250 farma.

821 10288 957 10333 Esolvendum
970 10324 976 10343 ,
990 10293 1048 10348 quod
1064 10307 1162 10350 repugnat
1178 10309 1231 10337 verae

823 10347 953 10406 Philosophiae
960 10353 1070 10398 ,iurationi
1080 10365 1155 10407 ponere
1162 10356 1231 10407 ignem

773 10420 809 10461 pro
816 10405 878 10448 forma
884 10406 993 10450 brutorum.
1004 10411 1035 10451 Sic
1045 10423 1114 10451 tenent
1120 10410 1232 10453 orthodoxi

774 10466 847 10507 Patres¹
853 10464 977 10514 Aristoteles,
985 10471 1006 10508 &
1014 10463 1171 10521 ejussctiatores.

798 10521 895 10564 Probatur
904 10537 930 10564 ex
938 10526 1071 10566 communiter
1078 10538 1157 10581 recepta
1162 10529 1232 10569 animae

769 10578 887 10622 definitione
902 10596 926 10622 ex
939 10582 970 10622 lib.
978 10604 997 10626 2.
1005 10584 1113 10627 aramma,
1126 10585 1197 10625 tradita
1206 10585 1233 10627 ab

769 10637 892 10689 Aristotele,
902 10642 958 10694 quod
970 10640 991 10682 sit
1003 10643 1061 10681 Arius
1070 10645 1145 10696 corporis
1151 10641 1226 10696 phffl,

739 10710 761 10752 D
772 10699 889 10752 &organici
911 10700 966 10739 Tum
978 10702 1026 10753 quia
1034 10699 1137 10754 quodlibet
1150 10700 1233 10743 brutum

772 10753 800 10796 est
807 10770 842 10797 ens
848 10769 883 10810 per
892 10751 911 10795 le
921 10772 926 10793 z
935 10753 989 10798 sedsr
998 10755 1062 10797 forma
1069 10758 1112 10811 ejus
1120 10754 1166 10799 effer
1174 10760 1233 10813 ignis,

772 10813 856 10855 deberet
861 10814 944 10860 admitti,
950 10816 1006 10869 quod
1014 10812 1043 10855 est
1051 10828 1127 10871 emper
1134 10818 1232 10867 accidens,
1273 10863 1278 10869 ,-

757 10899 761 10905 -
773 10870 819 10912 clam
833 10871 888 10912 fieret
899 10871 937 10913 tale
948 10872 974 10913 ab
986 10872 1025 10913 alio
1037 10885 1083 10913 ente
1094 10888 1129 10929 per
1136 10872 1161 10915 se.
1177 10876 1234 10918 Tum

773 10930 823 10983 quia
829 10932 905 10977 anima,
913 10926 945 10970 seu
953 10928 1016 10971 forma
1022 10928 1050 10970 est
1058 10945 1102 10985 quae
1109 10932 1142 10973 dat
1153 10928 1192 10974 effe
1198 10937 1233 10975 rei:

774 11000 793 11026 ar
802 10986 816 11027 fi
825 10989 876 11042 ignis
883 10985 930 11029 ellet
937 10986 1001 11029 forma
1012 10988 1077 11034 bruti,
1085 10990 1141 11031 daret
1151 10988 1233 11040 illielle²

773 11047 796 11085 bt
803 11045 883 11086 brutum
890 11041 938 11087 ellet
943 11044 1050 11087 formaliter
1057 11048 1114 11101 ignis·
1122 11050 1178 11089 Tum
1183 11053 1232 11104 quia

772 11101 786 11142 si
795 11117 846 11145 unus
853 11104 906 11158 ignis
919 11100 967 11145 effer
974 11106 1066 11146 omnium
1075 11104 1180 11154 brutorum
1189 11106 1232 11149 for-

772 11174 804 11205 ma
811 11164 912 11210 &animm
924 11165 992 11203 omnia
1000 11160 1126 11205 brutaeffent
1133 11161 1226 11219 ejusdem

773 11214 850 11273 speciei.
871 11223 927 11262 Tum
938 11222 984 11274 quia
993 11220 1008 11260 st
1018 11221 1068 11276 ignis
1082 11218 1140 11270 effer,
1151 11225 1187 11278 qui
1196 11225 1233 11286 dat

771 11272 811 11317 effe
818 11277 877 11319 bruto
885 11308 891 11326 ,
899 11277 1003 11332 quodlibet
1008 11277 1089 11321 brutum
1100 11281 1122 11322 in
1134 11276 1151 11321 se
1164 11281 1218 11322 habe
1226 11327 1234 11333 ,

773 11347 804 11374 ret
810 11331 847 11375 effe
854 11334 916 11385 bruti,
924 11338 946 11376 &
953 11332 1100 11386 crinitorum,
1109 11335 1173 11381 immb
1180 11336 1228 11381 effer

274 11395 361 11435 {aruran
368 11384 391 11427 fit
403 11386 456 11427 aeus
467 11387 596 11443 incorporeos
603 11386 690 11429 tribuens
695 11386 732 11428 illis
744 11398 760 11439 Ε
775 11396 842 11435 omnia
848 11392 920 11442 bruta,
935 11393 982 11435 clim
990 11396 1010 11435 in
1018 11393 1038 11435 le
1049 11395 1132 11439 haberet
1141 11400 1234 11439 omnium

276 11446 436 11499 corporeitatem,
442 11444 527 11499 qualiter
533 11446 601 11488 docuit
610 11443 733 11494 Aristoteles,

277 11497 398 11549 docenseffe
407 11501 473 11552 astum
485 11505 571 11559 corporis
577 11502 655 11559 pbyfici
663 11533 668 11551 ‚
675 11509 696 11547 ἃ
704 11518 735 11545 or·

276 11559 365 11612 ganiel:
382 11571 408 11599 an
424 11573 526 11615 competat
540 11562 610 11605 anima
625 11561 735 11612 brutorum,

277 11616 335 11670 quod
350 11614 373 11659 fit
385 11617 434 11673 quid
446 11631 581 11673 corporeum,
596 11619 686 11661 tribuens
697 11619 736 11661 illis

276 11686 398 11731 corporeum
405 11671 444 11717 effe
452 11685 458 11715 ἓ
471 11679 526 11719 luter
532 11679 658 11733 nuperrimos
666 11677 736 11721 Vvillis

275 11742 331 11773 tom
338 11764 342 11773 .
349 11731 499 11785 tummim
504 11734 665 11791 brutornmmapm.
671 11736 737 11779 adhae-

276 11804 322 11837 rens
332 11786 435 11833 Gaffeudo
442 11792 531 11833 conatur
543 11793 646 11836 deducere
653 11809 680 11837 ex
687 11798 735 11839 De-

258 11884 260 11886 .
276 11850 370 11897 mactito,
377 11848 475 11905 Epicuro,
483 11852 565 11899 Laertia,
574 11853 672 11895 Lucretio
678 11868 736 11899 vetn-

276 11903 442 11957 stioribus,acex
452 11905 494 11948 aliis
501 11908 619 11964 junioribus,
626 11914 682 11967 quod
690 11913 737 11955 bru.

276 11977 345 12005 torum
352 11968 421 12008 anima
428 11962 459 12006 est
464 11968 516 12022 quid
527 11980 660 12024 corporeum,
668 11977 690 12017 ὅ(
699 11986 737 12015 ex-

775 11445 825 11491 elle:
836 11465 856 11493 at
864 11450 877 11491 fi
885 11453 937 11507 ignis
944 11452 992 11503 dans
999 11449 1039 11494 effe
1052 11452 1187 11502 brutis,daret
1198 11455 1234 11497 illis

773 11512 874 11562 potentias
881 11508 963 11557 virales,
970 11513 990 11552 in
996 11507 1016 11552 se
1023 11507 1071 11552 effer
1078 11514 1147 11553 vivens
1153 11526 1189 11569 per
1195 11511 1236 11556 eal·

775 11565 823 11619 dem
829 11568 929 11623 potentias
937 11598 943 11616 ‚
950 11574 971 11612 &
980 11582 1082 11611 exerceret
1095 11570 1164 11612 vitales
1169 11573 1236 11614 aeria-

777 11638 812 11665 nes
823 11627 913 11666 omnium
926 11625 1041 11676 brutorum,
1048 11628 1136 11675 viderer,
1145 11635 1165 11672 δι
1172 11625 1235 11672 senti-

776 11694 813 11730 ret,
820 11686 858 11724 &e
877 11685 933 11725 Tum
939 11687 987 11739 quia
997 11683 1060 11729 forma
1067 11692 1088 11731 &
1096 11688 1167 11727 entitas
1172 11688 1233 11743 ignis,

776 11740 881 11783 estentiras
892 11743 983 11797 quaedam
993 11744 1087 11789 naturalis
1099 11741 1178 11786 inferior
1183 11760 1236 11802 quo.
1248 11770 1253 11792 ,-

775 11812 864 11856 cumque
869 11800 929 11843 bruto
934 11818 940 11849 5
951 11807 972 11844 &
980 11800 1027 11843 ideo
1033 11804 1104 11858 nequit
1110 11803 1156 11843 dare
1164 11800 1236 11848 illreffe

775 11855 833 11907 bruti,
838 11856 886 11900 edm
896 11872 957 11901 nemo
966 11860 1021 11915 poffit
1032 11860 1080 11902 dare
1086 11861 1142 11916 quod
1148 11874 1191 11903 non
1197 11862 1236 11905 ha·

777 11914 815 11959 bet
834 11918 891 11959 Tum
902 11920 950 11971 quia
962 11918 976 11959 fi
986 11920 1037 11975 ignis
1047 11915 1096 11960 ellet
1104 11922 1169 11968 anima
1176 11919 1237 11969 bruti,

776 11975 861 12043 &deget
867 11973 896 12016 illi
901 11971 993 12028 effe‚vel
1001 11978 1058 12020 daret
1066 11990 1102 12034 pet
1112 11975 1236 12032 summate-

1173 12049 1231 12091 riam,
