7350 12967
279 8553 361 8650 146
459 8550 656 8662 Disputi.
683 8550 1094 8666 DeVita‚&Morte.

269 8681 320 8731 quin
329 8693 501 8737 corrumperetur,
513 8689 534 8724 oc
545 8677 592 8721 effer
605 8687 683 8739 corpori
692 8698 732 8740 pu·
743 8693 760 8733 A
770 8684 819 8725 hinc
832 8684 871 8726 tela
883 8697 963 8737 cerata,
975 8690 1048 8731 deinde
1061 8692 1082 8730 in
1092 8686 1149 8746 capsa
1161 8689 1229 8746 plum-
1278 8719 1280 8726 ·

269 8736 351 8776 tredinis
362 8740 447 8781 initium
471 8739 551 8780 Deinde
563 8738 676 8793 pulvisculis
689 8757 733 8782 oro·
772 8742 809 8782 bea
817 8741 901 8784 fideliter
910 8741 1039 8789 ferruminata
1047 8761 1178 8803 componatur
1187 8748 1231 8791 her·
1278 8779 1280 8785 ·

269 8796 347 8834 maricis
357 8811 405 8838 cum
419 8795 457 8837 sale
464 8792 597 8851 aspergendus
610 8797 664 8839 locus
671 8830 677 8847 ,
685 8801 733 8841 inde
772 8799 801 8839 bis
811 8801 909 8843 odorifieis
920 8802 974 8844 siccis
980 8804 1045 8861 plena

269 8863 337 8892 totum
348 8854 454 8895 lavandum
466 8851 495 8894 est
508 8855 587 8907 tpongia
598 8855 734 8912 imbutaaqul

270 8910 359 8955 vitae,&
374 8915 412 8952 aeri
424 8925 494 8958 aceto,
507 8915 527 8952 in
540 8923 581 8964 quo
594 8917 683 8956 coxerint
694 8916 733 8956 ab·
954 8902 972 8946 §¹
1002 8904 1049 8944 HI·

270 8961 441 9020 synthiunimioe's,
447 8969 577 9025 colocynthis,
585 8966 609 9009 sal
619 8984 731 9023 commune,

271 9028 293 9066 &
304 9024 390 9066 alumen.
413 9028 467 9067 Tum
483 9026 517 9067 iliae
526 9027 595 9081 plagae,
604 9029 733 9084 corporisque

271 9082 353 9130 diens,
363 9087 384 9123 &
397 9084 464 9123 hiatus
474 9098 669 9139 omnes,atquetres
681 9102 731 9129 ven·
823 9093 845 9132 D
857 9094 941 9146 primam
955 9093 1098 9151 respondetur,
1111 9096 1168 9150 quod
1175 9111 1230 9140 eom·
1278 9120 1280 9127 ·

270 9153 309 9179 tres
325 9140 441 9181 infarciendi
453 9156 510 9182 erunt
518 9140 636 9183 aromatibus
643 9142 732 9199 sequen·
823 9164 885 9191 mune
893 9149 921 9191 est
929 9154 1045 9208 corporibus
1057 9154 1123 9194 animi
1134 9153 1230 9197 destitutis
1278 9171 1280 9194 i

272 9196 324 9237 tibus
333 9196 454 9239 crasfiuscuie
461 9198 592 9254 pulverizaris.
610 9202 640 9240 Sic
646 9205 732 9245 cadaver
770 9206 886 9261 putrefieri,
896 9212 1024 9265 &putredini
1033 9214 1089 9266 quod
1102 9208 1230 9266 subsequatur
1278 9230 1280 9255 :

273 9251 385 9308 disponitur
397 9271 433 9312 pro
443 9257 570 9312 pulveribus,
585 9260 620 9313 qui
632 9257 675 9302 sunt
687 9262 730 9304 hu·
770 9264 968 9316 fotor,&s12dfit‚
981 9267 1059 9324 semper
1071 9269 1098 9310 est
1111 9275 1177 9311 mortis
1189 9270 1229 9326 sig-
1278 9296 1280 9303 ·

274 9310 367 9365 jusmodi.
771 9338 820 9363 num
835 9341 840 9365 :
854 9327 952 9380 contingit
960 9328 1021 9366 etiarn
1036 9330 1135 9383 corrumpi
1147 9342 1182 9383 per
1196 9343 1230 9369 ex-
1278 9357 1280 9363 ,

286 9369 316 9423 276·
339 9371 416 9414 Pulvet.
426 9371 482 9415 roser.
492 9373 594 9414 chamaern.
605 9376 682 9420 melilot.
690 9377 730 9418 bai·
771 9380 908 9428 siccationem,
916 9397 975 9438 quam
982 9385 1058 9425 Medici
1064 9388 1230 9442 contenduntpro

270 9422 331 9467 samit
340 9431 431 9472 mentha:
438 9461 443 9477 ‚
451 9433 517 9473 anethi
524 9463 529 9480 ,
537 9431 606 9480 salviae,
615 9434 732 9485 lavendulae,
744 9447 759 9486 Β
771 9440 872 9480 cadaveris
881 9442 991 9481 duratione.

271 9498 293 9523 ro
298 9487 323 9525 ris
333 9491 414 9537 marini,
427 9491 542 9544 majoratur,
553 9491 630 9546 thymi,
640 9490 731 9549 absynth.
800 9499 832 9538 Ad
842 9495 950 9538 secundam
960 9496 1104 9553 respondetur,
1117 9501 1173 9552 quod
1184 9514 1230 9542 cot·
1278 9527 1280 9534 ·

272 9548 341 9597 cyperi
356 9546 442 9593 ,calam
459 9562 538 9587 atomat.
553 9551 663 9603 gentiana,
676 9554 733 9598 ireos,
770 9566 819 9608 pora
828 9554 866 9596 sine
874 9556 955 9595 naturali
966 9560 1032 9597 calore
1044 9556 1117 9598 abeunt
1125 9560 1146 9598 in
1159 9573 1228 9613 putre·
1278 9585 1280 9591 ·

272 9596 317 9641 fior.
326 9602 373 9644 asliae
382 9605 481 9652 odoratae,
494 9606 602 9662 caryophii.
610 9613 665 9648 nucis
679 9606 731 9666 mos-
770 9612 837 9652 dinem
844 9644 849 9659 ,
856 9628 889 9654 aut
896 9611 1060 9661 exsiccationem,
1069 9613 1131 9657 &sub
1138 9617 1229 9658 haediu-
1278 9643 1280 9649 ·

272 9657 335 9700 charte
347 9689 352 9705 ,
366 9664 453 9702 cinnam.
467 9660 544 9717 styracis
554 9696 559 9712 ,
570 9664 666 9705 calamint.
680 9666 731 9706 ben-
770 9670 900 9716 tilisduran15
912 9676 933 9712 &
947 9671 992 9711 ideo
1004 9672 1055 9712 iiiam
1066 9674 1176 9716 intendunt
1185 9675 1230 9715 Me·
1278 9700 1280 9707 ·

270 9720 326 9758 zo'iui
338 9746 343 9763 ,
356 9720 452 9774 myrrhae,
464 9720 514 9762 aloes
524 9754 528 9769 ‚
540 9719 626 9761 santaior.
638 9727 731 9765 omnium
770 9726 810 9768 dici
822 9729 884 9769 modo
891 9731 1032 9782 quodiximus.

270 9785 370 9827 quantum
384 9774 452 9818 sustitit
464 9794 469 9815 ·.
483 9776 607 9819 consuantur
618 9778 682 9836 plagae
693 9811 699 9828 ‚
709 9788 731 9824 δι
800 9787 832 9825 ad
844 9792 920 9826 tertiam
936 9784 1066 9842 respondetur
1079 9818 1085 9835 ,
1099 9788 1156 9843 quod
1170 9804 1191 9830 ut
1201 9790 1230 9832 di·
1278 9817 1280 9824 ·

271 9829 348 9881 hiatus,
362 9836 444 9890 nequid
453 9837 533 9878 excidat
546 9852 551 9874 :
565 9850 613 9877 mox
624 9852 689 9880 totum
699 9842 730 9878 inv
770 9843 854 9891 ximus,
871 9843 974 9898 benignior
990 9845 1019 9886 est
1031 9848 1081 9888 aelio
1095 9860 1193 9901 quantum
1207 9848 1229 9891 fit
1278 9868 1280 9891 :

271 9901 359 9943 ungatur
374 9892 516 9948 therebyntina
528 9894 604 9949 liquida
618 9907 667 9938 cum
685 9898 730 9938 oleo
770 9900 856 9955 poffibiie
864 9915 946 9956 corpora
954 9900 1086 9944 conservandi
1094 9935 1100 9951 ,
1109 9902 1170 9958 quatu
1179 9909 1229 9961 ignis
1278 9923 1280 9945 ;

271 9947 426 9990 chamaemelino
438 9984 442 10000 ‚
456 9958 476 9994 δε
494 9949 571 9992 rosaceo
583 9982 587 9995 ‚
599 9953 669 9996 additis
683 9955 731 9996 oleis
769 9960 873 10000 voracitati
879 9961 968 10005 tradere,
977 9964 997 10001 &
1009 9963 1054 10003 ideo
1061 9976 1161 10018 quantum
1173 9964 1229 10019 possi-
1278 9990 1280 9997 ·

272 10010 382 10048 aromaticis
397 10022 432 10064 per
445 10014 536 10063 quintam
553 10006 652 10051 essentiam
664 10027 731 10055 extra·
769 10015 809 10058 bile
824 10016 846 10057 fit
858 10048 863 10062 ,
877 10019 1017 10060 contendimus
1028 10034 1111 10076 corpora
1123 10019 1229 10071 desiccare,
1278 10054 1280 10069 .

272 10061 307 10101 uis
319 10084 324 10104 :
341 10068 411 10107 iterum
423 10065 545 10123 inspergarur
557 10068 671 10122 pulveribus
677 10085 732 10111 cotn-
771 10072 901 10123 conservare,
910 10081 930 10120 &
939 10077 1031 10119 condire.

272 10127 385 10165 memoratis
400 10155 406 10173 ,
420 10126 494 10167 deiude
511 10122 599 10181 syndone
613 10128 734 10176 involvatur,

372 10432 771 10552 uisaurnrro
810 10463 1139 10555 sacurvua

307 10602 349 10655 De
375 10607 512 10665 Mixtorum
536 10617 722 10685 proprietatibus
744 10621 837 10671 ratione
857 10617 1038 10678 miscibiiium,
1062 10619 1192 10675 comonei

556 10683 757 10748 fermentatione,
772 10694 800 10743 &
814 10688 949 10760 putredine.
975 10724 981 10730 ·

394 10809 684 10873 PROPOSITIO
712 10819 1114 10875 DISPU‘IA‘TIONIS.

282 10979 302 11002 ,4
316 10945 340 11004 l„
383 10959 388 10971 ··
415 10939 536 10991 GIMUS
550 10943 578 10991 de
587 10949 699 11014 precipuis
707 10941 1188 11001 viventiumaffedlionibus,vita&morte2
1204 10950 1229 10998 in
1278 10979 1280 10998 ¹.

278 11015 295 11077 J
319 11004 336 11063 f*
383 10999 398 11016 ³
414 11008 459 11058 hoe
474 11016 567 11062 ttadtatu
584 11017 697 11082 agendum
710 11016 773 11066 restat
792 11018 822 11067 de
839 11022 961 11065 mutorum
974 11014 1128 11067 affectionibus
1143 11024 1228 11068 ratione
1278 11039 1280 11061 t

279 11128 303 11150 4
325 11085 345 11140 ,ζῖ
384 11079 575 11146 [pmiscibiliutns
596 11091 722 11144 coslione,
739 11094 845 11156 inquam,
866 11084 1055 11144 fermentatione,
1071 11091 1227 11155 &putredine
1278 11132 1279 11136 ,

281 11143 297 11188 ’ἒ
316 11161 352 11197 a*
414 11155 479 11203 Entia
492 11154 621 11224 spiritualia,
631 11169 653 11207 at
662 11157 770 11226 fintplicia
781 11177 878 11227 corpora
886 11165 995 11228 recipiunt
1003 11176 1078 11209 totum
1086 11157 1149 11208 suum
1158 11159 1230 11209 eliein

269 11231 340 11294 prima
355 11228 517 11296 produdlione„
528 11229 599 11277 Mirm
608 11262 616 11286 ‚
625 11238 647 11278 δι
657 11228 764 11299 proecipud
777 11236 875 11282 viventia
886 11248 924 11300 per
938 11228 1041 11280 sormam¹
1048 11266 1056 11288 ‚
1074 11247 1123 11298 qua
1136 11231 1174 11282 dat
1186 11231 1228 11280 esse
1278 11255 1280 11278 :

268 11302 309 11355 rei,
317 11304 422 11364 recipiunt
431 11294 471 11345 esse
478 11329 486 11353 ,
494 11318 544 11348 non
551 11304 624 11347 carneri
631 11318 704 11350 totam
714 11300 875 11361 perfectionem
882 11302 910 11351 ad
917 11302 1055 11369 operandum
1063 11319 1116 11350 eum
1124 11300 1173 11360 illo,
1182 11303 1226 11353 do-

269 11369 460 11437 necperlieianrur
468 11387 508 11437 per
516 11366 656 11433 miscibilium
665 11370 822 11441 perfectiorem
835 11370 969 11440 acquifitum
975 11373 1071 11422 snodum
1085 11393 1090 11419 2
1104 11380 1224 11441 acquiritur

268 11436 315 11489 haec
331 11440 438 11510 perfodio
454 11458 494 11506 per
506 11439 604 11490 calorem
621 11448 738 11492 unientem
752 11439 856 11512 opposita
869 11441 981 11510 patibilia,
996 11443 1139 11496 &hacadtio
1149 11446 1228 11494 dicitur
1278 11463 1280 11471 ·

268 11517 359 11569 cottio,
378 11523 400 11563 &
413 11512 438 11560 sit
452 11508 505 11577 saepex
520 11530 559 11581 per
572 11511 648 11563 caloris
658 11510 860 11574 effervescentiani3
872 11525 894 11563 bt
902 11513 949 11563 hate
961 11513 1042 11565 aeliol
1055 11519 1147 11583 proprio
1155 11515 1228 11566 calore
1278 11539 1280 11560 2

268 11581 347 11630 dicitur
362 11582 511 11637 fermentatio.
539 11588 561 11632 Si
575 11583 636 11634 calor
654 11591 750 11635 omnino
765 11585 942 11654 praeternaturalia
958 11586 1019 11645 fiat,
1042 11584 1165 11637 dissolvitur
1180 11587 1228 11644 hae,
1278 11608 1280 11630 τ

268 11658 325 11709 uuio
338 11692 345 11713 ,
360 11666 383 11706 oc
393 11656 473 11706 dicitur
486 11655 606 11725 putredo,
623 11655 652 11707 de
666 11656 749 11725 quibus
768 11655 809 11707 sub
825 11656 894 11706 tribus
907 11659 1048 11709 Semonibus
1066 11659 1225 11714 contendimus

267 11722 390 11793 disputare.'
461 11740 464 11745 ’

830 8995 931 9036 Solvuntur
941 9000 1018 9039 rationes
1026 8999 1082 9054 primi
1087 8996 1181 9055 propofitae.
