7350 12967
243 8484 367 8568 Rern.
383 8479 436 8565 X.
448 8478 515 8561 De
530 8481 712 8563 ebrictate]
727 8470 899 8555 sanitatis
907 8459 1036 8551 camel.
1046 8451 1143 8553 aar

185 8615 244 8654 moris
258 8629 263 8650 ε
276 8612 342 8652 rident
351 8607 453 8662 sanguinei
466 8639 471 8655 ,
487 8613 508 8650 δε
518 8609 570 8663 quafi
579 8608 644 8652 stolidi

186 8681 310 8712 moventur:
324 8667 375 8707 siunt
384 8666 481 8720 loquaces
495 8666 591 8709 cholerici
604 8698 610 8715 ,
623 8672 645 8711 se

186 8726 240 8782 quasi
255 8724 339 8766 fusiori:
359 8724 488 8780 phlegmatici
502 8723 553 8766 fiunt
566 8723 644 8767 somno·

187 8786 248 8831 lenti,
260 8789 281 8825 bs
292 8781 363 8838 stupidi
375 8803 380 8823 2
397 8781 539 8823 melancholici
553 8782 603 8825 aiunt
614 8787 646 8825 iri·

184 8843 225 8885 'stes
239 8872 244 8888 ‚
258 8845 279 8880 de
290 8839 359 8881 dentes
371 8858 376 8880 :
390 8841 483 8880 omnini-,s
497 8853 576 8896 apparet
590 8840 646 8895 quasi

188 8914 230 8942 rota
246 8911 319 8951 magna
330 8901 381 8939 circa
395 8896 497 8937 candelam
507 8897 577 8944 ,sres‘a
592 8912 647 8939 mero

188 8956 249 8999 oculis
263 8956 420 9011 multiplicantur
434 8982 439 8999 ,
451 8960 471 8994 bc
482 8956 575 8995 omnibus
591 8958 648 8996 variae

187 9013 330 9072 superveniunt
341 9015 401 9054 animi
413 9010 576 9066 perturbationes.

389 9115 408 9158 Β.
430 9112 465 9153 ii.

225 9212 338 9267 ‘Proparritur
355 9205 409 9263 quim
428 9211 484 9260 turpis
497 9205 524 9260 stt
541 9204 616 9246 clareia

373 9264 464 9318 firmans.

241 9362 385 9409 Esolvendum,
395 9364 451 9418 quod
463 9362 546 9404 ebrietas
558 9359 650 9408 formalis,

243 9430 262 9465 dc
279 9423 388 9468 voluntaria
400 9419 428 9461 est
441 9419 614 9467 abominandum,
630 9423 651 9459 b:

191 9483 322 9541 turpissimum
330 9481 410 9527 virium,
419 9481 526 9535 indignum
538 9479 615 9518 homini
625 9492 652 9518 ra.

192 9543 272 9585 nonsit,
286 9544 306 9581 iii
317 9538 366 9580 sacra
378 9541 452 9592 Pagina
464 9542 581 9579 damnatum
591 9563 597 9581 2
608 9541 629 9578 δε
640 9535 652 9575 d

192 9600 302 9643 Catholicis
313 9596 437 9639 Dotioribus.

223 9658 318 9701 Probatur
331 9652 401 9711 prinid.
420 9657 475 9695 Tum
486 9667 511 9693 ex
525 9651 576 9693 sacra
592 9653 651 9703 Pagi-

194 9732 220 9759 na
234 9747 239 9764 ‚
253 9718 325 9768 inqua
339 9725 435 9766 tanquam
454 9710 593 9753 detestandum
611 9709 652 9748 hoc

195 9777 265 9816 vitium
278 9773 394 9815 damnatur,
403 9772 423 9808 bl
434 9768 500 9809 ebrios
512 9768 522 9807 d
536 9780 602 9822 regno
612 9768 651 9807 Dei

195 9832 283 9872 eliminat
291 9861 296 9877 ‚
304 9829 352 9884 Isara
362 9839 400 9881 cap.
409 9843 424 9877 5.
436 9828 459 9873 (i
468 9827 514 9867 iad
523 9823 624 9866 cornihe.
633 9829 653 9864 b:

195 9904 231 9946 per
242 9888 356 9929 ebiietatcm
366 9885 445 9925 alienari
454 9897 553 9930 menrem,
561 9882 655 9937 probatur

194 9946 278 9989 noveii.
291 9961 322 9997 23.
338 9946 360 9992 d*
374 9942 472 9995 Eiileiast.
486 9946 539 9996 taliis.
555 9956 583 9991 19-
600 9937 656 9979 lsaias

146 10031 147 10034 =
196 10019 234 10062 cap.
244 10008 273 10045 28.
288 10017 342 10044 tenet
352 10002 377 10043 ab
385 10001 416 10041 illa
429 10000 533 10041 libidinem
545 9995 652 10038 inflamma-

184 10079 186 10081 ’
196 10067 217 10104 ti.
226 10062 309 10103 Provrrh.
319 10077 348 10103 io.
355 10056 419 10116 Ephefi
429 10071 468 10112 cap.
479 10077 494 10114 5.
512 10057 603 10098 enervari
612 10069 657 10095 cor-

197 10135 240 10176 pus
262 10119 344 10160 proverb.
351 10133 358 10158 r
366 10136 380 10159 i.
394 10116 477 10171 dissipari
484 10114 607 10156 substantiam
616 10128 657 10155 :ca-

193 10184 230 10234 pit.
242 10195 273 10233 25·
288 10179 366 10218 excitari
376 10172 497 10216 discordiam.
515 10167 657 10225 Eccleficap.3r.

197 10234 273 10277 secreta
282 10233 410 10278 manifestari.
433 10235 489 10273 Tum
500 10246 526 10271 ex
540 10228 614 10271 Sandis
622 10231 655 10270 Pa-

197 10295 260 10335 tribus
270 10296 295 10335 D.
305 10293 381 10334 Basilius
395 10288 497 10333 homiliam
509 10289 555 10331 feeit
564 10292 584 10329 in
591 10286 657 10327 ebrie-

198 10366 262 10397 tatem
275 10381 281 10398 ‚
297 10353 365 10406 inqua
377 10349 459 10404 inquit,
471 10347 529 10402 qnod
540 10345 622 10386 ebrietas
629 10342 658 10384 est

200 10410 279 10450 daimon
290 10408 426 10451 voluntarius,
440 10405 518 10446 malitiae
528 10417 589 10445 mater
600 10433 605 10450 ,
620 10406 659 10442 vir-

199 10472 246 10509 tutis
257 10466 352 10514 inimica,
364 10469 430 10505 virum
442 10460 515 10504 sortem
527 10462 592 10501 reddit
601 10463 659 10515 igna-

200 10540 263 10573 vum,
276 10539 301 10564 eit
311 10536 419 10579 temperato
429 10520 475 10561 sacit
484 10518 589 10567 lascivum,
601 10520 660 10571 igno-

199 10597 231 10624 tat
240 10582 345 10638 justitiam,
354 10580 453 10634 eitingult
461 10579 593 10632 prudentiam·
607 10579 661 10616 Tum

201 10643 230 10682 l).
238 10639 351 10682 Ambrosius
366 10639 388 10678 de
402 10640 458 10679 alia,
473 10636 495 10681 (y
505 10637 573 10688 jejunii
584 10643 661 10686 ‚rapu

202 10700 282 10755 inquit,
294 10700 350 10753 quod
363 10696 447 10737 ebrietas
457 10693 485 10734 est
498 10693 609 10735 fomentum
617 10690 661 10733 libi·

202 10756 253 10798 dinis
264 10788 270 10806 ,
283 10756 399 10797 incendium
407 10750 498 10798 insania,
508 10765 610 10792 venenum
618 10750 663 10791 insi-

202 10819 287 10873 pitnriae.
312 10817 366 10855 'snm
380 10814 407 10854 D.
421 10808 545 10864 Augustinus
562 10812 583 10848 in
596 10808 662 10862 epistol.

202 10875 270 10919 dicit,
285 10872 341 10928 quod
354 10870 381 10912 est
391 10869 477 10911 ebrietas
494 10867 555 10909 fomes
571 10865 663 10913 libidinis,

203 10930 327 10985 flagitiorum
346 10943 427 10972 mater,
450 10925 555 10982 culparum
575 10928 663 10973 materia,

203 10991 261 11032 radix
275 10991 395 11033 criminum,
407 10988 466 11039 origo
477 10988 583 11028 vitiorum,
594 10982 663 11023 turba·

204 11050 234 11089 tio
246 11050 328 11103 capitis,
342 11042 441 11085 subvenio
459 11039 542 11088 sensus,
562 11039 664 11095 tempestas

204 11105 291 11161 linguae,
302 11103 387 11161 procella
393 11102 488 11156 corporis,
496 11096 625 11153 naufragium
634 11112 664 11140 ea·

204 11163 287 11208 sinatis,
300 11161 372 11204 amidio
384 11161 495 11214 temporis,
508 11154 582 11198 insania
590 11155 664 11197 volun-

205 11224 259 11267 tatis,
268 11217 411 11275 ignominiosus
419 11217 519 11271 languor,
528 11215 613 11270 torpedo
625 11229 666 11256 mo

206 11293 267 11327 rum,
281 11280 367 11320 dedecus
382 11279 427 11316 virae
440 11304 445 11318 ,
460 11272 566 11315 honestatis
582 11269 666 11318 infamia,

206 11340 277 11379 animae
295 11332 409 11389 corruptela
427 11352 431 11373 :
453 11331 567 11388 superaddit
585 11361 591 11378 ‚
611 11330 666 11387 quod

207 11394 274 11439 ebrius
295 11397 345 11437 inter
366 11390 438 11445 pocula
460 11389 532 11445 iniusta
551 11392 666 11437 certamina,

204 11453 266 11506 ¹nullis
279 11449 409 11494 existentibus
423 11447 486 11491 causis
499 11445 588 11502 asperat,
597 11450 667 11490 excitat

208 11515 288 11561 rixam,
304 11513 351 11566 qnia
367 11506 518 11559 interponendo
535 11505 597 11548 verba
610 11520 667 11550 vana,

208 11568 294 11612 aliorum
312 11567 361 11610 sana
375 11564 425 11606 dida
442 11577 484 11602 non
502 11565 573 11616 patitur
590 11564 667 11607 audiret

208 11624 272 11670 sedin
282 11624 424 11671 contumeliam
437 11622 518 11674 erigitur
525 11623 669 11667 conviciorum,

208 11691 231 11728 &
238 11689 258 11727 in
266 11691 402 11743 proximorum
413 11681 501 11720 crimina.
519 11679 581 11718 Sic&
593 11678 626 11721 alii
635 11681 669 11721 Pa

209 11757 249 11785 tres
259 11744 319 11800 plura
333 11740 443 11799 proferunt-

240 11794 444 11845 Piobatursecundb:
459 11794 546 11838 Nullum
558 11794 635 11834 vitium
644 11795 671 11836 ita

210 11852 671 11914 turpiffimumestacilludquodpratteranimae

211 11918 357 11960 detrimentum
370 11912 629 11972 plnraprogignit'corpoiis
641 11911 672 11949 vi-

210 11973 366 12030 gia,&morbos
375 11991 380 12013 ι
388 11974 427 12016 S'ed
435 11972 520 12015 ebrietas
527 11982 597 12026 praeter
609 11968 672 12010 detri-

656 8613 773 8653 Amenttim
780 8605 850 8644 animae
863 8596 949 8653 plurima
957 8611 1049 8653 procreat
1060 8594 1142 8650 corpori

682 8662 810 8714 incommoda
818 8690 824 8708 ‚
831 8663 853 8699 de
867 8654 949 8698 morbos
963 8674 969 8696 i
980 8656 1033 8708 Ergo
1044 8665 1142 8709 tanquam

683 8720 814 8776 turpissimum
821 8720 892 8758 vitium
899 8712 928 8755 est
939 8711 1102 8761 abominanda&
1109 8709 1141 8752 fu-

684 8778 764 8831 gienda.
787 8775 882 8820 Probatur
897 8775 962 8813 minor
980 8766 992 8808 d
1012 8769 1142 8809 Canonlierio

684 8836 737 8888 aaa
745 8849 782 8892 cap.
791 8852 807 8887 3.
818 8838 838 8875 δι
846 8834 902 8873 variis
913 8823 1050 8875 Authoribusi
1061 8825 1143 8880 impedit

685 8896 742 8934 enim
749 8894 830 8935 ebrietas
838 8890 910 8945 speciei
917 8885 1085 8944 propagationem.
1099 8883 1142 8925 Ga-

686 8948 802 8992 lenusenim
809 8964 835 8989 eii
841 8951 902 8989 nimio
909 8960 957 9001 potu
969 8944 1010 8984 vini
1022 8936 1144 8980 asseruitRo-

688 9022 725 9048 mat
738 9009 833 9063 plurimos
842 9005 913 9047 steriles
920 9002 1007 9044 redditos
1017 8993 1080 9039 fuisse.
1089 8998 1144 9037 Idem

687 9079 741 9120 patet
748 9080 772 9107 ei·
783 9064 888 9106 Aristotele
905 9079 921 9115 3.
929 9058 1013 9115 problein
1020 9051 1116 9098 Pratensis
1124 9052 1147 9091 ile

689 9122 753 9163 morbae
767 9121 843 9169 cerebri,
852 9122 895 9161 haec
909 9132 963 9160 tenet
976 9130 1001 9157 ex
1014 9117 1063 9155 vino
1078 9109 1146 9166 super·

690 9184 760 9221 venire
768 9180 899 9236 symptomata
911 9193 915 9214 2
928 9189 986 9229 caput
994 9172 1054 9214 foedis
1064 9167 1147 9210 exhala-

690 9239 777 9279 tionibus
794 9236 896 9291 disrumpit
910 9232 1029 9282 ,cerebrum
1047 9228 1146 9283 vertigine

661 9307 677 9346 Β
691 9310 765 9343 teniat,
775 9296 844 9337 oculos
851 9306 931 9348 torquet
939 9320 945 9337 ,
954 9303 1010 9329 aures
1018 9283 1096 9328 undoso
1106 9282 1147 9341 spi-

690 9356 728 9393 ritu
738 9353 885 9410 crepat,lingua
892 9349 916 9391 ab
924 9346 954 9389 illa
961 9344 1047 9401 vacillat,
1055 9342 1076 9384 fit
1082 9339 1146 9384 sermo

691 9409 751 9452 sutilis
758 9441 764 9459 ,
772 9414 811 9452 oris
819 9410 890 9451 halitus
903 9419 952 9447 ieter
963 9435 969 9453 ,
978 9401 1090 9443 stomachus
1100 9399 1146 9442 sub-

691 9472 774 9510 vertitur
782 9498 787 9515 ,
794 9466 878 9525 plurimi
884 9460 962 9506 saburrii
970 9459 1067 9516 repletur:
1074 9458 1095 9499 ht
1101 9472 1148 9498 cor-

691 9528 720 9569 dis
729 9526 840 9582 palpitatio,
853 9535 949 9565 manuum
956 9523 1034 9574 inepta,
1048 9522 1068 9559 δι
1081 9513 1149 9558 insana

692 9584 816 9639 gesticulatio
822 9616 827 9633 ,
833 9582 906 9640 pedum
915 9582 1000 9621 incertus
1006 9606 1013 9625 ,
1019 9569 1149 9626 lubricusque

692 9639 770 9697 gressui,
781 9647 857 9698 inquies
863 9639 960 9679 nodurna
970 9664 976 9682 ,
986 9645 1058 9689 turpes
1070 9629 1150 9676 ronchi,

692 9700 772 9741 furiales
784 9697 858 9746 somni,
871 9698 941 9737 mentis
954 9689 1056 9738 excessus,
1070 9687 1120 9736 alvi,
1128 9691 1150 9727 be

691 9755 773 9799 secessus
780 9755 895 9813 spurcissima
902 9752 971 9793 solutio
980 9780 986 9794 ‚
995 9755 1016 9790 in
1027 9762 1067 9804 qua
1078 9762 1100 9788 ut
1107 9743 1150 9786 sues

694 9818 714 9856 in
721 9816 763 9856 luto
773 9817 821 9856 ebrii
831 9813 944 9854 volutantur
952 9825 957 9846 :
965 9807 1078 9862 supervenit
1090 9810 1110 9847 be
1117 9801 1152 9842 sae-

695 9887 721 9928 pe
732 9874 890 9928 repentinamors
904 9866 1033 9922 pulmonibus
1045 9860 1153 9904 obstruelis

694 9935 717 9977 t&
727 9928 775 9985 saepe
790 9929 841 9969 ebrii
852 9926 888 9968 sibi
900 9923 944 9980 ipsis
959 9922 1091 9963 voluntariam
1101 9917 1155 9958 inse-

665 9999 683 10041 ς
697 10003 743 10029 runt
753 10000 880 10035 mortem,ut
892 9996 945 10038 paret
956 9994 981 10021 ea
995 9979 1072 10021 Ouidio
1080 9993 1096 10029 3.
1107 9975 1155 10030 trist.

696 10050 762 10100 eleg-4.
775 10046 800 10086 de
808 10045 908 10099 Elpenore
919 10060 923 10081 :
933 10038 995 10080 refert
1005 10035 1100 10079 Martialis
1106 10034 1157 10074 lib-i.

696 10106 723 10146 de
735 10101 852 10147 Philostrato
859 10104 888 10149 ,be
896 10096 972 10139 Aristus
983 10108 1049 10135 narrat
1059 10094 1084 10134 de
1097 10088 1156 10133 Mos-

696 10164 771 10209 ehino,
783 10160 882 10202 &Grillo¹
895 10158 949 10196 Turn
959 10152 1096 10208 superaddunt
1108 10150 1158 10190 varii

698 10219 801 10261 Authores
807 10218 865 10273 plura
871 10214 905 10256 alia
912 10211 1038 10253 incommoda
1044 10224 1069 10250 ex
1075 10207 1159 10248 ebrieta-

698 10292 729 10322 te,
739 10290 764 10317 ex
773 10278 845 10332 quibus
852 10263 1157 10323 contestantur,qiidmturpissi-

698 10350 754 10378 muni
761 10337 831 10376 vitium
837 10333 860 10373 sit
867 10333 922 10387 ‚qnia
931 10342 952 10369 ut
961 10341 1030 10387 tenent
1036 10357 1041 10373 ,
1047 10328 1106 10366 vitam
1114 10322 1157 10372 bref

699 10397 752 10442 viai,
762 10394 877 10433 memoriam
892 10388 973 10428 minuit,
983 10387 1080 10424 secretum
1095 10381 1158 10422 mani·

700 10447 920 10504 feslat,rempublicam
933 10439 1088 10488 evertit2suriam
1098 10438 1159 10479 indu-

698 10510 733 10553 cit,
740 10510 761 10548 in
767 10507 824 10549 bruta
831 10506 896 10561 plures
903 10503 1011 10546 convertit,
1020 10498 1159 10552 patrimonium

699 10565 787 10621 diffipat,
796 10563 889 10605 subvertit
899 10559 1006 10602 castitatem
1017 10556 1103 10604 ,inducit
1110 10568 1158 10594 cru-

700 10624 812 10667 delitatem,
821 10617 906 10677 impellit
911 10618 935 10659 ad
946 10629 1009 10657 omne
1017 10616 1085 10655 vitium
1092 10641 1098 10658 ‚
1105 10611 1161 10666 pellit

670 10701 692 10742 D
702 10684 744 10726 Dei
754 10683 853 10723 timorem,
859 10677 908 10727 viles
917 10675 981 10717 reddit
990 10672 1081 10712 homines
1088 10698 1094 10713 i
1101 10667 1160 10710 insert

702 10738 789 10783 infamiae
794 10739 867 10784 labem,
873 10747 941 10777 movet
949 10729 1006 10773 risum
1014 10732 1034 10769 in
1042 10725 1119 10770 ebriosis
1127 10733 1160 10776 ,δι

703 10800 761 10856 plura
770 10798 806 10839 alia
814 10794 892 10838 confert
903 10785 1025 10848 ignominios
1034 10814 1039 10825 .

731 10855 827 10903 Probatur
841 10849 900 10895 tertid
917 10854 937 10890 in
948 10843 1013 10900 schola
1035 10846 1161 10891 Salernitana,

700 10928 741 10970 rap.
752 10931 783 10969 r5.
793 10912 828 10954 ubi
840 10919 975 10966 proponuntur
985 10903 1125 10947 incommoda,
1137 10907 1161 10943 δι

702 10972 768 11016 morbi
774 10973 809 11025 qui
814 10965 959 11022 subsequuntur
966 10976 992 11003 eii
1002 10960 1161 11003 ebrietateNam

702 11046 728 11072 ex
736 11024 903 11081 Avicennafhn.3.
910 11042 915 11066 i
921 11056 925 11063 .
932 11023 1005 11062 delira.
1014 11023 1072 11074 capa.
1083 11018 1162 11059 bonnm

703 11087 796 11133 habiturn
804 11077 984 11140 corporisdilsolvit
994 11077 1093 11125 ,debilitat
1104 11089 1164 11116 natu-

705 11146 765 11189 ralem
778 11141 933 11192 calorem,latdit
940 11135 1054 11181 facultatem
1065 11131 1163 11189 sanguifi-

705 11218 751 11246 eam
761 11236 767 11255 ‚
778 11199 896 11258 aquositates
914 11195 1014 11254 progignit
1026 11192 1071 11234 loco
1084 11190 1164 11247 sangui·

706 11266 754 11311 nis,
766 11259 850 11304 destruit
864 11255 972 11299 naturalem
986 11254 1078 11307 corporis
1088 11247 1164 11292 consti-

707 11323 819 11369 tutionem,
827 11328 917 11373 procreat
925 11309 1080 11354 imbecillitatem
1091 11320 1164 11348 nervo-

679 11377 695 11417 Ε
709 11394 781 11421 vorum
793 11409 798 11425 ,
808 11373 915 11419 tremulum
927 11370 991 11413 reddit
1004 11382 1063 11423 caput
1074 11378 1164 11415 ‚manus

707 11443 728 11481 δέ
740 11438 815 11492 reliqua
821 11432 909 11477 membra
919 11443 965 11471 ante
978 11426 1165 11468 seneclutemssan-

708 11495 735 11539 sat
744 11492 857 11552 paralyfim,
869 11486 1036 11532 convulsionem,
1051 11486 1071 11523 bt
1084 11480 1167 11536 frigidos

708 11552 847 11609 quoscumque
858 11546 949 11596 morbos,
960 11544 1073 11586 coelionem
1084 11540 1169 11595 impedi

708 11611 737 11652 ob
749 11608 820 11652 crassos
832 11611 927 11651 humores
936 11634 941 11648 ‚
951 11617 1002 11659 quos
1011 11601 1116 11657 progignit
1127 11630 1133 11647 ,
1145 11601 1167 11637 δί

710 11667 760 11723 saepe
774 11670 900 11724 repentinam
908 11674 1004 11702 moriem.
1021 11659 1074 11715 Ergo
1092 11671 1114 11697 ut
1127 11669 1168 11696 tur-

711 11727 807 11783 plffimum
815 11727 885 11768 vitium
893 11719 922 11762 esl
930 11720 1017 11762 vitanda.

742 11785 836 11838 Probatur
849 11777 922 11837 quarib
929 11774 1046 11820 ebrietatem
1056 11774 1171 11815 abominan-

711 11844 762 11885 dum
770 11850 802 11892 ,&
812 11841 932 11882 indecorum
940 11833 979 11877 esse
991 11837 1075 11877 viriumr
1087 11831 1135 11885 qula
1148 11842 1171 11869 ut

711 11915 768 11944 tenet
777 11903 843 11956 Ripa,
852 11902 872 11938 &
880 11895 1029 11952 amplectuntur
1040 11895 1087 11933 Iuris
1096 11882 1173 11930 Profes-

710 11957 773 12010 sores,
781 11958 836 12016 ebrii
843 11956 903 11999 *fiunt
914 11952 995 11998 infames
1004 11946 1090 11998 ,insani,
1100 11942 1176 11997 finon,

938 12014 983 12060 Ee‘
1001 12025 1012 12062 3
1090 12000 1172 12046 reddum
