7350 12967
438 8580 606 8669 senii.
641 8504 1081 8666 nessMormRasole}
1177 8591 1243 8679 557

476 8756 495 8801 §-
518 8752 553 8795 11.

291 8851 402 8905 'proponitur
411 8848 470 8890 modus
482 8880 487 8894 ‚
503 8862 537 8904 quo
549 8862 578 8889 res
591 8861 625 8887 non
635 8846 729 8886 naturales

336 8908 447 8961 coadjuvari
457 8908 483 8949 ad
491 8918 567 8948 mortem·
571 8907 681 8946 naturalem.

334 9001 482 9053 Esolvendum,
493 9003 550 9061 quod
561 9017 591 9043 res
604 9017 645 9044 non
657 9013 739 9041 natura-

334 9063 363 9103 les
377 9063 499 9117 coadjuvare
516 9057 597 9118 possum
614 9059 640 9101 ad
654 9069 740 9098 mortem

282 9120 399 9165 naturalem·
421 9125 450 9163 lta
463 9134 519 9161 tenet
531 9123 638 9160 Avicenna
648 9113 689 9171 fen.
699 9130 714 9154 1.
725 9129 740 9153 r.

281 9181 345 9232 dorsa.
355 9192 394 9233 cap.
401 9191 416 9228 3.
425 9184 445 9221 bt
452 9176 506 9219 iilius
513 9176 691 9217 Commentatores.

310 9230 483 9296 Probaturpritnb
495 9236 574 9275 ratione
588 9227 740 9275 fundamentali,

283 9310 308 9338 es
316 9292 503 9347 tournejolffiedic.
512 9294 553 9333 Res
559 9305 601 9332 nou
608 9287 706 9331 naturales
712 9287 741 9328 di-

282 9366 366 9399 cuntur,
378 9365 423 9406 quat
436 9352 502 9392 medio
511 9346 598 9392 modost
608 9346 743 9389 babentintet

746 8711 765 8751 A
776 8720 811 8748 aut
821 8701 949 8761 apoplexiam
960 8730 967 8748 ,
983 8696 1072 8740 &imm
1078 8686 1180 8752 ming&
1189 8693 1201 8742 s,-
1209 8698 1234 8738 ἃ
1265 8692 1267 8696 ,

777 8766 841 8805 nimia
852 8761 958 8818 frigiditate
973 8754 1086 8799 naturum
1098 8767 1185 8795 mortem
1197 8765 1233 8792 ac»
1308 8763 1311 8765 “

778 8819 857 8861 celerat·
950 8830 953 8832 “
1079 8814 1081 8818 '
1098 8840 1109 8847 .,
1131 8816 1133 8819 “
1154 8810 1157 8813 “
1208 8821 1210 8824 ’
1260 8824 1261 8828 ’

806 8877 904 8921 Probatur
911 8868 986 8930 quinti)
993 8867 1239 8919 deexetcitiomniete„

778 8936 835 8992 quod
847 8936 925 8976 valeant
939 8930 1025 8973 mortem
1039 8922 1160 8967 accelerare.
1179 8923 1235 8961 Tum

778 8994 827 9048 quia
839 9005 865 9032 ex
877 8993 939 9032 nimio
949 8987 1051 9029 *exercitio
1064 8978 1146 9023 insanis
1158 8981 1235 9033 copori-

779 9050 817 9091 bus
826 9046 930 9104 magnast
943 9043 1034 9086 resolutio
1043 9041 1143 9097 partium,
1154 9039 1175 9076 δι
1183 9048 1236 9075 erte-

779 9107 849 9148 nuatio
856 9134 861 9151 ,
868 9107 952 9159 eorporis
963 9101 1046 9149 laxatio,
1055 9095 1134 9138 humidi
1141 9090 1236 9135 resolutio:

780 9168 802 9206 in
815 9162 951 9219 cacocbymis,
960 9157 1044 9201 accensis
1055 9151 1174 9197 humoribus
1186 9149 1238 9191 fiunt

780 9221 847 9264 febres
852 9221 957 9265 ardentes,
970 9222 990 9259 dt
1001 9215 1043 9256 aliae
1051 9212 1104 9253 fiunt
1115 9207 1198 9266 pustulae
1205 9211 1237 9253 ,&

782 9282 837 9321 varia
851 9289 952 9335 tumorum
962 9285 1039 9329 genera.
1058 9274 1113 9312 Tum
1120 9271 1167 9322 quia
1176 9278 1201 9306 ex
1208 9267 1238 9306 ni.

782 9340 821 9379 mia
830 9339 898 9392 quiete
909 9364 916 9381 ,
928 9347 951 9373 ac
959 9328 1021 9373 otiosa
1032 9331 1073 9370 vita
1082 9340 1149 9381 torpet
1159 9336 1237 9379 corpus,

283 9412 403 9451 resomnino
411 9409 520 9453 naturales,
529 9410 550 9447 δι
561 9420 593 9446 res
604 9405 686 9447 omnino
696 9414 742 9457 prae*
755 9403 770 9442 B
783 9407 869 9449 augetur
883 9392 977 9447 ignavia,
995 9386 1130 9428 membrorum
1150 9379 1238 9423 socordia
1284 9402 1287 9403 ⁷
1299 9431 1301 9433 ι

284 9467 411 9510 tornaturales
424 9498 430 9515 ,
444 9469 491 9522 quia
505 9464 611 9507 moderatae
622 9464 687 9504 vicem
703 9461 741 9502 ha-

284 9525 333 9566 bent
345 9522 449 9565 causarum
459 9520 618 9564 conservantium
630 9518 741 9563 sanitatenu

284 9589 305 9625 &
314 9583 457 9630 immoderatae,
470 9585 521 9622 inter
535 9579 601 9620 causas
613 9589 743 9634 praeternatu-

284 9640 332 9681 tales
339 9653 492 9681 annumerantur
504 9658 509 9680 z
523 9649 573 9691 ergo
586 9634 745 9678 fimmoderatae

284 9698 408 9752 coadjuvenr
419 9700 445 9737 ao
454 9696 607 9737 exsiccationem
618 9724 623 9738 ,
635 9699 655 9735 ot
670 9684 747 9732 refuso·

285 9757 360 9800 tionem
374 9755 452 9794 humidi
465 9752 554 9794 radicalis
569 9780 576 9798 ,
592 9748 746 9803 coadjuvabunt

286 9811 312 9852 ad
323 9811 473 9852 accelerandam
480 9823 566 9851 mortem
573 9806 690 9849 naturalem.

315 9868 412 9911 Probatur
424 9864 528 9909 fecundis:
543 9868 599 9907 Mors
613 9862 706 9906 naturalis
716 9856 748 9901 su·

287 9928 380 9982 pervenit
400 9923 493 9969 senestuti
512 9922 557 9981 post
574 9920 747 9976 consumptionem

287 9984 365 10026 humidi
373 9984 461 10025 radicalis
472 10014 478 10031 ,
489 9986 511 10024 se
525 9981 592 10023 caloris
604 9981 666 10023 innati
677 9996 682 10018 :
697 9987 746 10029 ergo

288 10037 351 10081 causat
368 10055 410 10081 non
428 10040 527 10082 naturales
544 10070 550 10087 ,
569 10051 614 10094 quae
631 10039 702 10093 juvant
720 10034 746 10074 ad

288 10102 420 10153 properandas
429 10113 506 10146 etates,
516 10096 667 10153 coadjuvabunt
678 10093 704 10133 ad
716 10105 746 10134 ac·
758 10104 778 10146 C

287 10154 413 10217 celerandam
425 10171 510 10198 niortem
520 10153 636 10195 naturalem

317 10216 415 10255 Probatur
423 10212 495 10264 tertio,
508 10212 565 10269 qnod
575 10211 645 10259 cibus,
657 10216 679 10254 dt
690 10224 749 10266 potus

289 10272 412 10327 coadjuvent
420 10275 446 10314 ad
458 10271 569 10314 naturalem
581 10282 670 10310 mortem
694 10270 750 10309 Tum

289 10327 359 10382 quiad
376 10331 469 10371 nutritiva
481 10328 574 10371 facultate
590 10328 660 10381 nequit
678 10327 750 10380 reponi

289 10399 316 10452 ex
327 10389 431 10427 commoni
442 10386 488 10428 cibo
497 10383 556 10442 arque
567 10382 653 10439 perfecta
661 10382 749 10425 substan-

290 10457 317 10485 tia
332 10472 338 10491 ,
355 10458 379 10484 ac
395 10444 512 10499 deperditur
524 10446 546 10484 in
563 10440 650 10482 humido
662 10440 749 10482 radicali.

291 10503 347 10544 Turn
356 10502 404 10558 quia
416 10515 442 10542 ex
453 10500 498 10543 cibo
507 10533 512 10550 ,
522 10507 543 10544 bt
553 10513 603 10555 potu
612 10511 677 10554 pravae
685 10498 750 10553 quali-

290 10562 333 10602 tatis
341 10571 464 10614 generantur
475 10561 546 10615 pravi,
557 10554 700 10611 &cacochymi
710 10553 751 10597 hu-

290 10630 367 10665 mores,
380 10631 405 10657 ex
416 10617 489 10672 quibus
498 10611 604 10657 venenose
612 10644 617 10662 ,
628 10616 649 10654 ἃ
657 10610 751 10668 malignae

291 10674 397 10728 qualitates
410 10676 471 10716 vitam
485 10670 629 10729 depopulantes
642 10669 694 10711 fiunt
708 10698 713 10715 ,
729 10686 751 10713 ut

277 10772 278 10775 ,
292 10733 353 10774 docet
362 10732 453 10775 Galenus
468 10732 499 10772 nh.
511 10731 534 10770 de
546 10729 587 10769 cibis
597 10725 637 10768 boni
651 10758 656 10773 ‚
670 10728 694 10773 <i
705 10732 752 10770 mali

781 9451 854 9495 accidit
868 9479 874 9496 ,
893 9460 966 9504 corpus
986 9443 1112 9498 refrigeratur
1124 9470 1130 9488 ,
1144 9441 1238 9480 amittitur

781 9510 874 9568 proprius
879 9505 940 9554 color,
946 9502 1074 9544 obstruuntur
1082 9510 1176 9553 potorum
1183 9509 1238 9537 mea-

782 9582 828 9614 tus,
842 9562 1037 9607 fiuntdefluxiones,
1046 9554 1153 9609 morbique
1165 9552 1239 9606 frigidi,

782 9627 890 9679 nativoque
899 9622 986 9662 extincto
995 9616 1070 9661 calore,
1083 9610 1147 9655 senilis
1159 9609 1238 9666 frigidi·
1289 9613 1291 9615 ’

783 9693 904 9736 tasaugetur
913 9708 919 9726 ,
929 9676 995 9719 calido
1002 9672 1163 9718 innatoeatindo
1173 9687 1180 9710 ·.
1191 9680 1239 9724 ergo

784 9740 905 9794 coadjuvant
918 9750 947 9779 res
958 9749 1002 9777 uon
1010 9727 1112 9773 naturales
1118 9728 1144 9770 ad
1155 9739 1241 9770 mortem

788 9796 904 9839 naturalem.

968 9894 986 9937 §-
1015 9891 1024 9930 'l
1034 9887 1066 9930 ll.

834 9994 933 10032 Solvuntur
943 9989 1021 10028 rationes
1030 9979 1091 10040 primi
1097 9976 1192 10036 propossrt.

839 10089 861 10130 D
872 10088 956 10144 primum
966 10078 1106 10138 respondetur,
1116 10074 1173 10132 quod
1183 10072 1252 10115 Gale-‘¹

839 10160 876 10186 nus
887 10146 962 10189 docet,
979 10139 1034 10195 quod
1045 10150 1075 10178 res
1091 10148 1133 10177 non
1148 10130 1244 10174 naturales

788 10202 856 10246 debite
870 10201 970 10261 applicatae
980 10196 999 10240 se
1011 10194 1087 10239 habent
1104 10204 1131 10233 ex
1145 10203 1200 10247 parte
1211 10203 1244 10229 re·
1260 10241 1263 10243 Α

789 10276 835 10304 rum
841 10258 972 10305 naturalium,
980 10260 1003 10299 dt
1010 10250 1111 10295 causarum
1119 10263 1156 10291 nos
1165 10243 1244 10288 conser-

788 10322 893 10366 vantium,
908 10314 954 10359 &si
968 10310 1057 10355 indebite
1071 10308 1107 10349 illis
1119 10310 1193 10347 utimur
1203 10333 1209 10350 ,
1220 10302 1246 10343 st-

788 10376 832 10417 mul
849 10377 971 10431 coadjuvant
988 10365 1054 10412 caulas
1070 10361 1244 10424 praeternaturales,

788 10440 809 10478 δι
823 10432 905 10489 reliquas
917 10430 1062 10485 coadjuvantes
1076 10424 1103 10467 ad
1112 10433 1200 10465 mortem.
1209 10433 1247 10460 na-

789 10491 881 10533 turalem.
1294 10486 1296 10489 ’

821 10550 855 10591 Aa
865 10544 970 10595 secundam
980 10539 1126 10598 respondetur,
1138 10534 1193 10591 quod
1200 10546 1248 10575 atta-

791 10621 835 10649 tum
847 10606 936 10649 duratio,
946 10608 967 10646 &
975 10604 1033 10643 totius
1044 10601 1088 10639 vitae
1097 10593 1127 10635 est
1138 10593 1248 10646 unicuique

791 10660 917 10719 praescripta,
931 10660 990 10715 juxta
1003 10656 1088 10699 calidum
1105 10654 1212 10696 innatum,
1226 10654 1247 10690 ot

792 10722 900 10764 humidum
919 10714 1006 10759 radicale
1023 10706 1156 10771 praestitum&
1173 10714 1248 10749 natura.

287 10786 341 10842 flacci.
365 10792 420 10831 Tum
432 10792 479 10845 quia
491 10804 517 10831 ex
526 10790 585 10843 copia
594 10785 674 10828 illorum
684 10782 752 10841 super.
759 10777 780 10819 D
791 10780 830 10821 Sed
838 10779 887 10835 quia
898 10778 944 10828 hae
954 10771 1033 10831 possunt
1046 10768 1208 10815 conservari,aut
1216 10776 1248 10804 te-

282 10850 347 10889 vveuit
360 10848 463 10904 plenitudo
477 10855 483 10895 ',
503 10846 564 10901 iqua
578 10874 584 10889 ‚
603 10847 669 10900 inquit
684 10846 752 10886 Aetius

293 10902 324 10946 lib.
334 10919 348 10946 ι.
358 10907 383 10946 de
394 10920 417 10945 re
428 10906 523 10951 Medica,
536 10900 753 10958 venarepietaeaffligun.

293 10975 325 11005 tur
335 10992 340 11006 ,
350 10963 487 11018 distenduntur,
500 10974 606 11018 rumpuntur
619 10989 624 11013 3
640 10959 752 11005 obturantur,

294 11021 351 11063 ualde
365 11034 472 11076 gravantur
489 11036 496 11060 s
514 11020 556 11061 inde
570 11021 593 11067 (lv
605 11032 673 11073 graves
685 11018 753 11062 morbi,

295 11081 318 11127 ἀ
324 11076 396 11135 peffima
407 11082 479 11120 auritio.
499 11081 555 11121 Turn
566 11080 613 11134 quia
621 11091 648 11118 ex
656 11076 752 11125 ciborum,

295 11142 316 11182 δι
335 11138 435 11180 ebrietatis
451 11134 513 11179 abusu
529 11135 606 11191 longior
622 11137 753 11189 antiquorum

295 11198 340 11237 vitat
353 11197 431 11237 duratio
442 11196 541 11237 coarclata
555 11191 594 11234 fuit
607 11205 641 11248 per
656 11183 753 11248 plurimos

296 11265 359 11294 annos
372 11270 378 11292 t
391 11266 441 11308 ergo
446 11253 472 11295 ab
481 11250 516 11294 usu
525 11250 563 11292 eibi
567 11254 598 11300 ,bt
604 11264 663 11307 potus
670 11250 753 11305 coadju-

297 11314 339 11353 vari
346 11310 412 11367 potest
419 11308 577 11353 morsnatnralis.

325 11367 422 11411 Probatur
432 11365 505 11425 quarto
519 11367 543 11407 de
552 11365 621 11407 somno
630 11395 637 11414 ,
647 11368 668 11405 ὅ(
676 11360 753 11418 vigilia,

297 11428 354 11481 quod
368 11427 489 11481 coadjuvent
502 11428 528 11467 ad
542 11438 628 11466 mortem
637 11421 755 11464 naturalem.

790 10835 839 10879 solvi
852 10837 915 10893 magis
923 10864 929 10882 ,
937 10847 971 10875 aut
980 10832 1043 10874 minus
1057 10825 1068 10867 a
1077 10824 1136 10868 causis
1143 10837 1184 10864 non
1193 10836 1249 10863 natu-

791 10894 880 10943 talibus,
897 10894 942 10934 ideo
953 10892 997 10931 haec
1010 10898 1113 10944 ponuntur
1122 10885 1170 10924 inter
1182 10876 1249 10921 causas

793 10952 880 10994 valentes
893 10960 996 11007 properate
1007 10956 1085 10989 aetates,
1097 10938 1249 10995 &coadjuvare

792 11011 820 11052 ad
824 11010 938 11052 celeriorem
944 11017 1029 11048 mortem
1037 10999 1151 11049 naturalem.

822 11069 857 11110 Ad
871 11069 947 11110 tertiam
959 11058 1088 11116 respondetur
1101 11085 1107 11103 ,
1122 11054 1179 11112 quod
1189 11047 1251 11093 taust

791 11122 902 11167 necessaria:
912 11122 979 11163 mortis
995 11115 1086 11160 naturalis
1095 11114 1252 11168 coadjuvantur,

791 11198 827 11225 aut
834 11178 964 11240 properantur
973 11175 985 11219 ὲ
993 11176 1054 11217 causis
1062 11187 1104 11214 non
1111 11169 1237 11213 naturalibus.

824 11243 857 11283 Ad
867 11252 957 11298 quartam
963 11232 1100 11291 respondetur,
1108 11229 1164 11285 quod
1174 11230 1193 11270 in
1200 11224 1253 11269 cibo,

793 11306 815 11344 be
829 11292 994 11357 potuinoderatis
1003 11289 1054 11333 redte
1064 11286 1135 11346 probat
1144 11296 1252 11342 argomen-

794 11373 853 11406 tum,
867 11367 982 11398 nonautem
995 11351 1020 11392 de
1035 11348 1116 11390 illorum
1130 11340 1207 11386 excessu
1216 11371 1221 11389 ‚
1230 11346 1261 11383 δι-
1271 11382 1280 11388 ,Δ
1296 11393 1299 11395 Β

794 11416 865 11457 adhue
873 11416 900 11456 de
911 11412 951 11454 cibi
963 11409 1111 11451 continuitate,
1124 11415 1168 11456 quat
1178 11404 1252 11457 irnper-

298 11487 354 11527 Tum
368 11483 532 11540 qniavigilie,s1
543 11482 668 11532 immodicae,
682 11494 755 11535 corpus
768 11478 783 11518 E
797 11472 902 11515 fautorem
916 11467 995 11523 semper
1011 11461 1072 11507 offert
1089 11459 1215 11503 substantiam
1228 11454 1254 11501 ed

280 11582 283 11585 ,
298 11555 417 11589 attenuant,
430 11546 451 11583 bt
458 11543 572 11590 desiccant,
581 11541 727 11591 deducuntque
736 11541 757 11578 in
797 11546 812 11588 q

298 11614 412 11644 marcorem
424 11631 431 11649 ,
441 11602 488 11656 quia
500 11610 680 11652 temperamentum
693 11596 757 11636 bomi-

298 11660 329 11700 nis
340 11661 457 11707 immutant,
466 11655 523 11699 facies
532 11655 600 11696 abillis
612 11651 758 11713 pallescit‚c0r-

300 11728 336 11771 pus
344 11715 480 11761 contabescit,
495 11713 549 11757 oculi
559 11713 608 11754 fiunt
619 11714 679 11759 cavi,
691 11710 765 11752 vultus'

300 11774 371 11824 tristis,
384 11773 439 11816 frons
449 11771 530 11829 rugosa,
540 11778 560 11814 nt
572 11768 681 11817 deformis,
693 11766 759 11811 facul,

300 11844 350 11875 tates
361 11834 509 11889 depravantur,
519 11829 542 11871 fit
552 11842 612 11885 prava
620 11827 717 11880 nutritio,
726 11842 760 11869 co·

300 11891 334 11948 pis
345 11889 480 11945 malignorum
495 11890 604 11932 humorum
617 11887 674 11927 variae
687 11898 761 11938 prove-

302 11952 360 11993 niunt
371 11948 452 11998 febres,
460 11955 481 11993 &
490 11948 597 11990 ardentes,
606 11958 630 11984 ac
640 11941 695 11983 siccae
705 11946 761 11999 aegri-

301 12006 386 12053 tudines
395 12011 458 12052 ‘Tum
467 12010 514 12063 quia
523 12003 604 12047 somnus
610 12005 617 12050 ,’
623 11999 714 12041 finimins
720 12030 726 12047 ,
733 12000 762 12042 est

302 12067 373 12117 mortis
381 12067 449 12122 imago
457 12097 464 12113 ,
473 12071 495 12107 ἃ
503 12062 603 12120 disponite
612 12057 638 12101 ad
646 12057 763 12118 lethargum

343 12164 345 12167 ,
366 12127 524 12182 ‘D-Gasp.‘3rava
534 12125 593 12167 vass.
602 12114 680 12176 Misus.

813 11547 843 11574 uat
851 11531 918 11573 deficit
926 11524 1053 11571 resolutione.

797 11597 801 11603 ’
827 11589 958 11645 Adquiutam
969 11573 1254 11639 respondetur,quodeadern
1301 11624 1304 11626 ,

797 11645 827 11689 est
838 11646 918 11697 ratiode
927 11639 1006 11697 vigilia,
1015 11643 1035 11680 bt
1042 11634 1120 11683 somno,
1130 11649 1174 11691 que
1182 11631 1255 11673 mode„
1282 11638 1285 11646 ”

797 11720 840 11747 rata
852 11701 897 11745 sunt
905 11699 975 11756 utilia,
988 11703 1010 11741 δε
1022 11690 1126 11740 necessaria
1138 11709 1144 11738 5
1158 11688 1256 11735 immode->

798 11751 1137 11810 tataafferontrelata'incommoda.

828 11819 862 11863 Ad
873 11810 950 11861 sermm
959 11811 1104 11874 respondeus,
1118 11806 1175 11864 quod
1190 11801 1255 11848 similis
1291 11810 1299 11833 ἰ

790 11877 829 11920 -est
841 11879 891 11919 ratio
910 11868 936 11915 de
949 11871 1045 11915 exercitio
1058 11872 1079 11909 δι
1090 11869 1172 11922 quiete,
1184 11863 1195 11907 ir
1208 11877 1257 11917 qut-z

801 11936 839 11978 bus
849 11931 919 11977 debite
931 11928 1034 11989 applicatis
1052 11921 1195 11979 subsequuntur
1208 11933 1257 11976 pro-

801 11990 992 12051 positacommoda:
1006 11986 1020 12028 si
1029 11979 1119 12027 indebite
1127 11980 1163 12022 illis
1170 11991 1256 12023 utamur,

802 12040 1139 12111 progignuntincommodarelata
1181 12045 1183 12047 ’
1213 12052 1243 12089 >.,,;-’

1074 12100 1104 12143 Ἠ
1198 12095 1267 12146 Ruso,
