7350 12967
339 8588 534 8705 Sedelll‘.
567 8600 865 8703 DePutredineL
883 8609 1050 8703 Resois.
1108 8646 1190 8728 175

228 8720 285 8762 testus
291 8723 312 8760 ia
318 8727 348 8763 Mi
359 8728 452 8774 cessantis,
460 8729 528 8774 decade
536 8751 556 8790 7.
568 8736 635 8793 plures
642 8742 688 8786 alias

226 8781 333 8836 putredinis
347 8782 491 8842 descriptiones
509 8794 535 8835 ad
551 8797 585 8837 has
605 8802 689 8851 reducit,

226 8838 332 8892 conjungit
341 8837 398 8882 simul
408 8875 413 8892 ‚
424 8851 444 8888 &
456 8852 517 8890 varias
530 8866 599 8896 eorum
609 8860 642 8913 opi
647 8862 690 8900 nio·

227 8908 275 8940 ties,
288 8898 324 8948 qui
334 8896 371 8937 iilis
385 8902 500 8953 adherent,
509 8906 583 8959 referr5
597 8928 647 8968 quas
659 8932 689 8957 ta-

229 8966 276 8993 men
290 8955 369 8998 reducit
381 8959 406 8998 ad
419 8961 452 9002 nas
468 8967 574 9019 propositas
588 8971 690 9025 definiti)-

227 9023 261 9049 nes
270 9041 275 9057 ‚
283 9010 310 9073 de
322 9014 395 9066 quibus
408 9020 538 9073 inquirimur,
547 9040 571 9067 an
581 9027 638 9069 bonae
647 9029 689 9080 rint,

227 9072 248 9108 sc
258 9080 283 9106 an
294 9070 350 9110 umal
360 9075 411 9113 inter
422 9073 441 9116 sc
454 9082 570 9124 coincidant

225 9125 291 9165 canda
300 9140 371 9169 natura
381 9134 505 9185 putredinis·-

255 9184 293 9222 Pro
304 9197 360 9236 parte
368 9194 460 9240 negativa
469 9197 548 9248 veiga,
557 9197 689 9252 Matanroros,

225 9244 246 9280 &
257 9239 289 9279 aiii
297 9245 360 9282 varias
370 9241 485 9291 suscitarunt
492 9253 618 9306 obpetiiones.
633 9264 688 9304 Tum

226 9295 291 9350 primd
303 9312 374 9342 contra
388 9304 527 9356 Aristotelem,
540 9315 635 9365 quianon
648 9320 685 9359 do.

224 9367 255 9393 cet
267 9354 334 9410 aliqua
341 9363 402 9408 ratio,
411 9377 445 9404 aur
455 9371 614 9420 experimentum
621 9379 687 9429 ‚quod

582 9099 620 9140 pro
627 9089 690 9143 expli-

224 9424 260 9465 per
271 9415 399 9467 putredinem
416 9422 450 9463 fiat
465 9428 552 9486 interitus
566 9434 640 9486 proprii
654 9449 684 9475 ca-
700 9441 714 9479 B

223 9469 282 9517 loris,
292 9485 326 9512 aut
334 9482 443 9533 corruptio.
454 9484 508 9523 Tum
518 9485 622 9535 secundi),
640 9496 686 9546 qnia

223 9528 308 9581 putredo
328 9529 358 9570 est
376 9540 479 9593 corruptio
495 9543 555 9582 totius
572 9543 685 9593 substantiae:

223 9595 271 9637 ergo
285 9601 326 9627 non
340 9586 399 9632 solius
408 9600 482 9651 proprii
490 9598 564 9640 caloris.
584 9605 638 9646 Tum
647 9623 685 9649 ter-

222 9638 266 9689 tii),
279 9641 314 9684 sub
322 9648 369 9689 nive
382 9657 401 9693 ἃ
412 9651 485 9708 frigore
496 9655 552 9709 plura
563 9661 684 9714 putrescunt.

221 9698 277 9753 Ergo
287 9717 328 9742 non
338 9703 400 9750 ibium
408 9708 419 9749 a
428 9712 492 9753 calore
503 9742 509 9758 ,
521 9712 553 9755 sed
564 9717 656 9773 asrigore
663 9725 684 9767 fir

221 9760 314 9811 putredo.
336 9765 575 9824 Tumquarrdputredo
587 9775 615 9817 est
625 9781 684 9832 passio

221 9817 328 9874 mixtorum
339 9837 345 9860 :
361 9825 413 9878 ergo
422 9831 468 9878 petit
477 9828 572 9881 pullulare
581 9834 606 9873 ab
613 9838 684 9880 intrin-

221 9874 265 9911 seco
276 9901 281 9917 ,
294 9878 315 9913 δί
323 9883 384 9920 riona
394 9897 416 9921 ca
435 9883 442 9895 ⁶
460 9899 546 9926 *iterna
563 9892 616 9932 'sum
625 9898 684 9948 quin-

222 9925 245 9968 td
259 9930 302 9971 haec
316 9933 408 9979 definitio
421 9948 516 9981 tunierit
531 9944 616 9991 ustioni:
631 9965 682 10009 ergo

221 9999 264 10026 non
276 9987 304 10028 cst
319 9997 397 10047 propria
406 9997 495 10039 definitio
505 10005 620 10054 putredinis.

250 10045 348 10088 Secundo
363 10067 432 10095 contra
454 10056 526 10098 Galerii
544 10061 682 10108 definitionem

221 10097 261 10143 stat.
277 10106 331 10145 Tum
341 10108 408 10162 prims>

220 10165 316 10203 convenit
328 10173 461 10224 corruptioni,
471 10187 493 10212 ut
504 10175 551 10216 cliiii
564 10180 680 10223 transmuta-

220 10218 270 10258 tioni
281 10221 301 10260 in
309 10218 439 10278 sanguinem,
451 10230 518 10284 inqua
530 10237 636 10278 renuatur
643 10254 682 10294 pu-

220 10278 278 10316 tredo
285 10295 291 10323 5
304 10278 332 10320 est
345 10296 412 10325 tamen
422 10292 506 10329 mutatio
519 10294 578 10332 totius
592 10302 681 10351 corporis

219 10333 241 10372 in
257 10339 395 10392 corruptelam.
423 10346 478 10387 Tum
491 10345 578 10390 secundi)
591 10357 680 10406 putredo
697 10360 699 10362 ’

220 10402 262 10430 non
272 10394 337 10447 potest
346 10397 390 10440 fieri
401 10398 487 10444 iealore
494 10416 642 10466 externn,quia
649 10430 680 10455 ca·

219 10444 249 10487 lor
262 10456 353 10506 proprius
364 10469 406 10498 non
417 10466 553 10518 corrumpitur
564 10468 589 10509 ab
598 10473 636 10511 alio
646 10487 680 10513 ca·

219 10502 261 10546 lore
268 10536 274 10555 ,
282 10505 336 10554 sedi
345 10509 385 10555 sola
394 10515 509 10574 frigiditate.

407 10617 425 10661 s·
461 10620 497 10659 ΙΙ.

259 10704 346 10758 Dqsnitio
365 10712 468 10763 Aristotelis
484 10716 533 10758 ren}
546 10701 635 10774 describit

387 10773 507 10825 putredinem.

218 10855 405 10965 REsolvendum
414 10868 481 10925 primda
491 10902 497 10919 ,
509 10876 565 10928 quod
578 10876 677 10920 Aristote-

267 10914 295 10956 les
306 10933 342 10974 per
355 10921 411 10968 suam
425 10930 563 10974 definitionem
579 10931 676 10977 recaede-

217 10968 281 11014 scribit
291 11004 297 11020 ‚
308 10983 329 11020 S:
343 10984 430 11037 explicat
445 11001 482 11043 per
494 10989 536 11031 suas
552 10989 616 11034 causas
628 10997 677 11050 quid

218 11027 241 11067 fit
252 11036 345 11085 putredo.

211 11132 214 11136 ,
245 11089 344 11135 Probatur
355 11098 419 11151 primi)
433 11102 553 11151 authoritate
566 11105 677 11151 Aristotelis

215 11145 337 11198 proferentis
351 11154 405 11197 illam
424 11160 480 11213 liin
497 11176 567 11204 merear.
578 11178 616 11219 cap.
626 11185 641 11206 2·
656 11174 677 11211 δε

216 11203 244 11242 D·
252 11205 337 11250 Thomu
347 11214 470 11259 admittentis
483 11219 535 11261 illam
555 11225 573 11261 in
586 11239 677 11268 comment.

215 11260 240 11298 dd
250 11264 302 11302 illam
311 11267 389 11316 librum,
404 11278 424 11314 δι
437 11275 481 11318 sete
491 11281 677 11324 omniumPhiloso

215 11318 303 11380 phorum
311 11353 316 11369 i
324 11329 345 11365 &
358 11332 502 11383 Medicorum,
511 11342 545 11394 qui
555 11336 590 11380 sub
601 11342 675 11384 eodem

215 11378 352 11426 runtaffeufu.
657 11402 659 11404 ’

244 11438 340 11483 Probatur
346 11440 441 11496 secundd,
449 11453 495 11506 quia
503 11452 620 11496 Aristoteles
627 11470 675 11499 con-

161 11509 163 11513 >
214 11495 299 11536 tendens
313 11504 441 11554 putredinem
459 11510 562 11565 erpiicare
581 11528 616 11570 per
634 11513 675 11556 suas

214 11550 292 11600 causas,
302 11557 344 11599 illas
357 11566 463 11618 proponit,
479 11565 491 11607 ὲ
505 11571 577 11625 quibus
588 11571 675 11615 necessa-

214 11606 244 11649 tid
258 11620 352 11667 provenit
365 11650 370 11667 ‚
383 11624 403 11661 &
419 11636 455 11677 per
473 11639 559 11678 quarum
575 11635 675 11687 cognitio-

213 11679 261 11708 nem
272 11672 317 11727 ejus
328 11678 464 11723 manifestatur
476 11697 550 11728 natura.
573 11688 675 11731 Patricole

213 11728 275 11787 euim,
285 11735 370 11775 interitus
377 11744 446 11792 proprii
456 11771 460 11783 ,
474 11757 496 11780 ac
509 11748 600 11797 naturalis
610 11751 675 11788 talaris

212 11793 234 11847 m.
239 11791 391 11839 attonsarum,
397 11801 512 11853 exprimunt
518 11802 596 11843 cansam
605 11806 675 11847 imme·

213 11838 286 11905 diatam
294 11876 299 11893 ‚
308 11854 473 11898 &inevitabilem
489 11863 602 11915 putredinis
616 11864 674 11908 'cum

213 11908 268 11940 emm
278 11905 321 11948 haec
331 11912 421 11957 confistat
429 11918 449 11956 in
461 11917 562 11959 deunioue
570 11923 629 11975 aquei
636 11923 675 11963 hu-

212 11958 294 12001 morisd
307 11980 388 12018 terreo,
398 11979 418 12015 &
431 11974 473 12015 haec
487 11974 509 12016 stt
520 11977 648 12028 inevitabilis,
660 11980 675 12024 fi

212 12027 256 12055 non
266 12019 413 12072 conservaturi
423 12037 517 12090 proprio,
525 12041 545 12079 &
554 12035 637 12077 naturali
644 12052 675 12080 ca-

175 12095 177 12098 ’
221 12085 269 12126 ore,
278 12090 315 12135 Per
325 12081 389 12139 hujus
403 12092 506 12135 interitum
522 12108 577 12155 patet
588 12095 675 12139 manfr-¹

686 10837 707 10879 D

700 8742 756 8790 Asta
771 8756 812 8792 ,ac
825 8746 955 8800 immediata,
970 8753 990 8790 &
1007 8752 1122 8798 inevitabilis
1132 8757 1189 8799 causa

731 8806 849 8857 putredinis
874 8809 912 8848 Per
924 8806 1043 8862 particulas,
1057 8811 1146 8854 adurent
1158 8830 1191 8853 ca-

730 8863 783 8906 lore,
797 8864 883 8919 explicat
894 8866 1002 8905 mediatam
1013 8865 1090 8908 causam
1099 8875 1189 8925 putredi-

730 8921 771 8967 nis,
785 8920 801 8962 ai-
813 8935 853 8976 qua
872 8925 970 8978 provenit
980 8921 1093 8966 necessarid
1105 8927 1191 8971 interitus

729 8979 803 9030 proprii
817 8979 902 9021 caloris:
917 8986 938 9023 &
950 8993 975 9020 ex
989 8981 1020 9022 his
1034 8983 1095 9024 caulis
1107 8986 1193 9026 manise]¹

730 9031 789 9073 statur
799 9049 882 9092 utraque
891 9038 1000 9092 putredinis
1015 9041 1074 9082 causa
1082 9071 1088 9090 ‚
1097 9046 1117 9083 o:
1126 9056 1161 9099 per
1168 9041 1191 9083 il·

730 9088 756 9129 ln
763 9105 811 9131 vera
821 9094 864 9147 ejus
872 9098 966 9150 cognitio.

924 9199 943 9242 s·
965 9199 1011 9240 III.

756 9287 821 9325 Galerii
828 9286 927 9342 putredinis
939 9291 1043 9332 admittitur
1055 9291 1156 9350 descriptio.

776 9378 912 9425 Esolvendum
922 9383 1018 9434 secundo,
1025 9392 1139 9446 quodred‘e
1148 9391 1185 9432 de·

729 9384 840 9487 Rscribit
852 9441 942 9483 Galenus
955 9452 1080 9498 putredinem
1089 9464 1123 9504 per
1136 9452 1184 9497 hoc,

726 9497 825 9549 quods1t‚
838 9508 921 9539 Mutatio
932 9508 987 9542 tatius
996 9504 1114 9560 putrescentis
1123 9521 1185 9562 carpo·

725 9567 750 9591 ris
763 9551 866 9609 fitbsttntt't
881 9559 906 9597 dd
925 9563 1067 9616 corruptum
1082 9567 1138 9606 calido
1152 9581 1185 9606 tx·

725 9623 784 9651 temo.

753 9671 850 9713 Probatur
860 9687 884 9713 ex
893 9674 965 9715 Galeni
974 9677 1183 9726 authoritatc‚&om-

728 9728 782 9767 nium
790 9730 916 9771 Medicorum
925 9733 1071 9778 admittentium
1079 9737 1131 9778 illam
1138 9750 1185 9778 curn

723 9785 796 9825 eodem
809 9787 1056 9849 lib.11.metltidi,cap.8-
1076 9797 1096 9834 in
1108 9810 1148 9851 qua
1156 9794 1170 9835 s
1172 9820 1182 9829 -
1212 9813 1214 9816 ’

722 9841 764 9879 miii
776 9846 837 9886 modo
851 9859 873 9886 ac
886 9847 998 9890 Aristoteles
1015 9851 1114 9907 explicare
1128 9867 1180 9893 con-

722 9899 786 9939 tendit
807 9902 896 9944 Galenus
917 9912 1026 9958 putredinis
1043 9924 1130 9952 naturam
1147 9924 1182 9965 pet

722 9950 764 9994 suas
776 9957 845 9999 causas.
867 9963 957 10002 Proxima
968 9968 1022 10005 enim
1030 9967 1137 10021 explicatur
1146 9981 1181 10023 pet·

722 10025 841 10054 multitunem
858 10024 912 10057 totius
922 10021 1038 10073 parimente
1053 10033 1128 10077 torporis
1138 10025 1181 10078 jib-

716 10068 789 10122 stantia
800 10075 825 10112 ad
833 10082 957 10128 corruptelam.
980 10080 1032 10124 Cium
1045 10096 1099 10122 enim
1111 10097 1180 10137 purte-

415 10114 489 10169 ,quod
505 10116 592 10160 definitio
606 10123 680 10166 Galerii
693 10138 711 10178 Q
722 10127 773 10168 dinis
787 10145 856 10173 natura
873 10134 909 10175 stet
923 10137 943 10177 in
955 10137 1054 10179 deunionc
1069 10152 1127 10196 aquei
1142 10141 1181 10182 hu·

721 10189 781 10226 moris
795 10186 884 10232 d‘terreo
898 10222 903 10238 ‚
916 10208 938 10232 ut
952 10196 1037 10237 diximus
1049 10228 1054 10244 ,
1068 10211 1179 10254 perquam

721 10250 855 10301 corrumpitur
864 10253 947 10292 mixtum
959 10282 964 10298 ,
978 10253 1031 10295 recte
1041 10255 1125 10310 explicat
1133 10272 1178 10313 pro-

721 10304 794 10352 ximam
807 10306 913 10348 deunionis
923 10308 1000 10352 caulam
1011 10327 1046 10368 pet
1054 10316 1178 10368 particulam,

719 10364 877 10404 <narrationum
888 10368 1006 10422 putrescentis
1020 10374 1095 10426 corporis
1111 10375 1129 10411 in
1141 10386 1178 10411 cor-

719 10421 825 10472 ruptelam.-
839 10424 882 10464 haec
890 10428 944 10466 eninr
956 10428 1043 10471 consistit
1056 10432 1077 10469 in
1090 10428 1119 10471 illa
1135 10444 1178 10485 pat-

719 10478 769 10516 tium
782 10481 910 10522 materialium
923 10485 1030 10528 deunione.
1047 10487 1143 10529 Particula
1159 10494 1178 10527 A

719 10536 778 10573 calido
787 10549 873 10588 externo,
885 10540 971 10596 explicat
984 10543 1062 10587 causam
1075 10559 1179 10587 externam

720 10592 762 10632 talis
775 10598 904 10653 corruptele,
915 10604 934 10639 δι
948 10602 1066 10653 deunionis,
1076 10608 1095 10645 δὲ
1104 10605 1176 10644 coinci-

719 10649 749 10690 dit
763 10648 809 10694 'hate
830 10658 937 10709 putredinis
958 10657 1061 10717 descriptio
1079 10674 1114 10716 per
1134 10658 1176 10702 suas

718 10705 793 10759 caulas,
801 10726 848 10756 cum
860 10729 953 10771 cuquam
964 10720 1175 10775 priitstradideratAri·

719 10763 804 10807 stoteles¹

905 10867 923 10912 s·
947 10868 989 10910 lv.

1005 10937 1009 10942 ·
1135 10933 1148 10950 ι

719 10949 807 10991 Traditur
823 10954 898 10998 modus,
916 10969 949 11010 quo
961 10955 986 10995 he
1001 10957 1037 10997 dua
1052 10955 1175 11017 descriptiones

839 11013 952 11068 adaptantur
959 11017 1058 11070 putredini.

760 11108 891 11159 Esolvendurn
905 11118 965 11161 tertii)
973 11153 978 11170 ,
987 11125 1042 11178 quod
1054 11120 1101 11165 licet
1114 11125 1175 11167 tradi‘

760 11185 783 11210 1ae
796 11178 903 11226 putredinis
915 11178 1054 11237 descriptiones
1064 11181 1090 11222 ab
1098 11183 1175 11224 Aristo-

717 11225 769 11274 tele‚
781 11235 802 11272 ἃ
814 11233 892 11274 Galerio
903 11239 1029 11285 coincidunt,
1042 11244 1062 11279 de
1074 11243 1175 11292 tradantur

716 11298 755 11340 per
764 11286 841 11339 causas,
854 11291 929 11334 diverso
936 11310 1001 11337 tamen
1007 11299 1068 11339 modo
1080 11300 1177 11356 adaptan-

716 11359 748 11384 tur
760 11351 867 11400 pntredini.
963 11391 968 11397 .

706 11416 707 11420 ¹
743 11405 782 11444 Pro
793 11408 851 11461 cujus
863 11408 995 11466 intelligentia
1008 11412 1119 11454 tenendum
1128 11426 1175 11454 cum

715 11462 750 11501 Pio
764 11465 826 11505 AEnea
845 11466 936 11524 Caprillo
953 11468 986 11509 lib.
997 11485 1012 11511 1·
1026 11471 1048 11510 de
1054 11469 1134 11523 febrrbm
1142 11482 1177 11525 pu·

715 11519 770 11558 aridis
781 11526 801 11560 in
810 11538 887 11577 genere,
901 11527 957 11583 quod
965 11542 990 11567 ex
999 11528 1089 11569 doctrina
1097 11529 1177 11570 Aristo-

715 11576 757 11617 telis
769 11579 843 11635 duplex
854 11588 939 11638 putredo
950 11587 1076 11629 admittenda
1091 11587 1139 11629 Alia
1147 11586 1177 11629 est

715 11631 825 11680 secundiani
835 11656 911 11691 totum,
924 11641 962 11684 alia
975 11641 1085 11688 secundum
1093 11660 1177 11703 partem.

715 11693 803 11736 Putredo
812 11696 921 11744 secundnm
933 11715 1014 11750 totum,
1028 11705 1094 11756 inquit
1110 11706 1176 11747 Zaba-

715 11749 765 11791 rclla
775 11781 780 11796 t
789 11752 817 11796 est
827 11770 867 11810 qua
880 11762 965 11800 mixtum
975 11774 1042 11802 totum
1050 11763 1071 11801 in
1079 11761 1177 11806 elementa

715 11806 840 11860 dissolvitur,
852 11817 878 11856 ita
887 11832 908 11857 ut
917 11819 958 11873 jam
966 11817 1032 11874 pulvis
1040 11834 1066 11862 ex
1075 11835 1126 11864 terra
1137 11835 1175 11878 ap-

715 11879 781 11921 pareat
793 11885 799 11913 3
813 11885 896 11914 evocato
910 11878 965 11918 enim
975 11875 986 11918 ai
996 11877 1063 11920 calore
1073 11882 1123 11920 a'e‘ris
1132 11893 1176 11921 am·
1186 11896 1196 11938 j

714 11925 785 11967 bientis
800 11928 885 11971 humido
898 11934 923 11975 ad
939 11949 1022 11978 externa
1030 11951 1041 11984 ¹²,
1054 11938 1089 11978 ibi
1101 11936 1204 11984 consu-'²⁵2

713 11985 773 12023 mitur
781 12013 787 12031 ,
796 11992 816 12029 δι
824 12002 927 12044 permanet
938 12008 1026 12038 terreum
1035 11996 1119 12040 aridum.
1135 11998 1174 12038 Ρη·
1192 12005 1194 12008 ’

711 12041 771 12080 tredo
784 12039 893 12088 secundum
906 12066 995 12109 partem,
1005 12052 1173 12108 estquatdamim-

712 12098 803 12154 perfetta
809 12108 894 12161 putredo
903 12141 908 12158 ,
918 12112 985 12166 inqua
994 12126 1036 12153 non
1046 12113 1130 12209 omnsns
1135 12104 1175 12178 dis⁴

1099 12182 1173 12212 ovrtut
