7350 12967
414 8508 1045 8606 ffseta.I.DeV1ta.Res0lXffl.
1146 8546 1206 8624 123

245 8648 312 8695 nuilus
322 8646 352 8690 est
366 8648 409 8691 anis
424 8665 448 8692 ut
460 8646 540 8706 sanssnis
551 8653 572 8690 &
585 8645 663 8704 spiritus
675 8650 735 8694 vi-A
776 8645 988 8703 Dicenqmdadhuc
999 8647 1211 8708 eslinviaadpe'tfe-

245 8722 298 8750 vane
313 8708 367 8750 Nam
377 8707 421 8749 finis
430 8709 541 8763 generandi
553 8705 706 8762 sangninemest
722 8720 728 8729 ·’
745 8706 834 8750 &ionem
840 8704 941 8748 ulterioris
952 8706 1029 8761 gradus
1044 8710 1084 8750 Sed
1089 8706 1210 8757 contristat,

243 8781 266 8807 ut
276 8762 394 8807 transmiffus
408 8780 443 8823 per
454 8780 524 8807 omnes
537 8779 601 8822 partes
610 8766 674 8808 valeat
684 8770 705 8807 in
746 8767 802 8818 quod
814 8778 858 8820 pars
865 8761 980 8818 sanguinis,
992 8778 1018 8805 ex
1025 8779 1068 8821 qua
1076 8765 1106 8807 est
1117 8769 1216 8809 nutriens
1272 8797 1277 8801 „

243 8822 279 8865 illis
287 8821 376 8877 przllarc
386 8827 490 8866 materiam
501 8838 538 8880 pro
545 8825 655 8865 nutritione
662 8837 706 8879 par-
746 8823 797 8864 dum
807 8837 830 8863 os
840 8851 847 8869 ,
857 8835 900 8863 non
911 8819 941 8862 est
955 8824 977 8864 in
988 8826 1020 8863 via
1031 8826 1057 8864 ad
1069 8822 1208 8880 perfeetiorern

247 8882 312 8927 tium,
322 8894 368 8935 quae
383 8881 515 8924 resolvuntur·
539 8884 590 8924 finis
602 8880 707 8937 spirituum
747 8882 832 8935 gradum
838 8883 896 8928 vitat,
905 8882 953 8923 clim
960 8895 982 8922 os
994 8876 1058 8925 solnm
1065 8884 1118 8923 vivat
1126 8883 1164 8924 vita
1171 8895 1207 8924 ve.

245 8937 286 8983 cst,
303 8953 324 8978 ut
330 8944 440 8987 commoti,
452 8940 541 8980 &delati
551 8942 572 8981 in
584 8953 660 8995 paren,
671 8939 706 8980 illis
747 8940 840 8993 getativa.
851 8937 996 8985 Tumadbuc‚
1005 8938 1018 8979 si
1026 8935 1208 8995 r'anguisefferpen

245 8994 339 9051 praestent
355 8997 441 9039 debitam
456 8996 603 9051 dispositionem
615 9010 652 9052 pto
664 8996 706 9037 illa·
746 8994 835 9037 sedibilis
844 9009 878 9052 per
890 8996 973 9049 gradum
984 8995 1112 9041 sensitivum,
1122 9009 1148 9037 eo
1160 8994 1202 9049 ipso

244 9068 291 9095 rum
300 9051 464 9102 conservatione,
475 9060 496 9097 &
507 9056 669 9109 operationibust
684 9057 704 9095 in
742 9053 801 9107 quod
813 9051 947 9095 informaretur
963 9052 1001 9095 alio
1010 9055 1074 9110 gradu
1087 9058 1142 9101 vitae,
1151 9067 1200 9095 con-

244 9126 295 9166 quos
302 9110 352 9151 sines
359 9110 460 9169 superflua
467 9111 497 9152 est
506 9114 572 9153 anima
579 9114 600 9151 in
606 9111 648 9156 illis,
657 9114 704 9153 clim

247 9168 284 9210 sub
292 9169 333 9209 aliis
345 9168 411 9213 formis
422 9185 463 9211 non
471 9169 585 9212 viventibus
593 9168 664 9223 possint
671 9172 705 9213 dc->

245 9226 317 9270 servire
323 9240 361 9283 pro
372 9230 394 9269 iis
401 9228 512 9273 finierunt
519 9223 626 9269 manifeste
635 9227 708 9269 docui·

246 9298 290 9326 mus
296 9297 338 9324 eom·
344 9302 361 9326 1.
369 9285 541 9340 ResosatMedicar.

276 9345 353 9389 Dices,
363 9348 420 9399 quod
430 9342 508 9400 sanguis
516 9342 594 9397 indiget
605 9341 669 9397 gradu
678 9345 708 9384 vi·
720 9351 736 9391 Β

248 9412 274 9440 tae
280 9405 401 9456 vegetam,
407 9417 429 9445 ut
437 9417 472 9458 per
477 9404 591 9444 nutritivam
597 9402 708 9455 potentiam

248 9458 359 9514 coadjuvet
364 9461 390 9501 ad
400 9459 540 9517 repositionem
552 9457 581 9499 sui
589 9460 610 9499 in
622 9455 711 9501 substan-

246 9517 297 9556 tiam
304 9516 351 9558 aliti.

276 9570 354 9615 Conui
364 9572 411 9616 stat:
421 9589 464 9616 tum
474 9569 541 9631 primi>
551 9573 621 9628 ,quod
628 9571 706 9630 sanguis

248 9628 310 9675 solnm
319 9630 396 9685 praestat
408 9637 523 9678 materiam,
537 9646 562 9671 ex
574 9645 615 9686 qua
627 9630 708 9673 facultas

246 9691 342 9730 nutritiva
353 9691 412 9745 partis
424 9688 499 9732 alendae
510 9702 593 9744 reponat
609 9691 665 9744 quod
674 9690 708 9731 sibi

247 9744 274 9785 est
282 9746 333 9787 utile.
356 9750 409 9787 Tum
418 9750 463 9802 quia
474 9747 556 9789 faenus
564 9748 656 9787 nutritiva
664 9762 708 9789 non

249 9801 334 9857 deservit
340 9818 362 9844 ut
368 9818 411 9861 pars
419 9808 440 9845 in
446 9820 486 9859 qua
492 9805 526 9853 est,
531 9814 619 9845 mutetur
626 9806 646 9844 in
653 9804 708 9846 aliam

251 9874 327 9916 partem
334 9877 339 9907 5
347 9858 380 9902 sed
388 9864 414 9903 ad
422 9863 461 9905 hoc
469 9862 549 9905 utaliud
560 9859 660 9902 diversum
668 9862 707 9903 affi-

247 9918 327 9959 miletur
344 9923 392 9974 parti
407 9923 427 9962 in
439 9935 479 9977 qua
490 9921 529 9976 ipsa
543 9919 630 9960 inhaeret.
653 9925 707 9963 Turn

248 9977 297 10029 quia
312 9975 361 10019 licet
373 9977 454 10021 facultas
471 9980 566 10020 nutritiva
580 9980 601 10018 in
614 9975 708 10035 sanguine

743 9109 858 9153 stitueretur
872 9110 908 9151 sub
919 9111 1051 9154 determinata
1062 9110 1125 9169 specie
1131 9115 1175 9168 ejus

941 9213 958 9257 §·
989 9214 1014 9254 V·
1046 9252 1054 9263 ¹.

749 9301 831 9343 partibas
835 9307 949 9359 generationi
956 9306 1032 9355 ditatis,
1043 9306 1067 9354 (a
1075 9311 1145 9349 ornatui
1154 9304 1208 9361 dasti-

841 9374 843 9377 ·
865 9366 915 9403 natis
926 9364 1024 9419 denegatur
1037 9370 1086 9405 vua

800 9456 1138 9516 Esolvendnmtertib,quodpartes
1148 9458 1207 9503 desti-

800 9532 848 9560 nata
855 9530 892 9573 pro
897 9516 967 9574 speciei
973 9516 1125 9561 conservatione
1131 9548 1136 9565 ‚
1141 9534 1163 9560 ut
1168 9518 1207 9565 lac,

747 9584 768 9620 δὲ
776 9576 854 9620 semetrs
862 9582 883 9618 &
889 9576 991 9618 destinata:
999 9580 1087 9626 ornatui,
1095 9591 1117 9617 ut
1124 9588 1208 9631 ungues,

748 9641 768 9678 ἃ
783 9632 863 9692 capilli,
876 9648 918 9675 non
934 9634 1068 9677 informantur
1082 9634 1159 9681 animzl,
1169 9647 1207 9675 nec

747 9690 838 9736 fruuntur
848 9690 916 9747 aliquo
927 9694 989 9748 gradu
998 9694 1048 9734 vitae.

779 9750 873 9792 Probatur
882 9748 948 9804 prirnb
961 9753 988 9793 de
997 9749 1083 9805 partibus
1091 9761 1128 9805 pro
1136 9748 1208 9807 speciei

747 9805 900 9849 conservatione
907 9810 1007 9851 deslinatis
1014 9826 1020 9856 5
1027 9805 1107 9854 semine,
1116 9812 1207 9863 inquam,

748 9869 769 9905 δέ
776 9867 833 9914 latic,
842 9879 867 9905 err
874 9870 977 9909 communi
986 9866 1115 9909 Medicorum
1120 9863 1206 9907 consen·

747 9922 768 9964 su
776 9939 781 9965 :
790 9932 810 9967 ὅ(
816 9939 840 9965 cx
848 9922 970 9979 Theologis‚
978 9928 998 9965 be
1004 9921 1128 9986 philosophis
1136 9924 1161 9964 sic
1174 9936 1207 9963 te-

748 9996 798 10023 nent
808 9980 924 10035 Collegium
936 9981 1098 10023 Conimbricenle
1105 9981 1207 10029 ‚&C0m-

248 10030 297 10074 essct
308 10033 361 10076 utilis
371 10037 528 10092 proadjuvanda
535 10037 643 10077 nutritione
650 10040 734 10093 pattisc
749 10036 838 10094 plutense
849 10054 895 10081 cum
907 10039 1011 10081 Aristotele
1023 10036 1065 10079 libr.
1075 10056 1090 10079 ι.
1097 10039 1118 10078 de
1127 10048 1208 10095 generat.

249 10090 324 10132 ale-ndat
331 10124 337 10141 ‚
345 10108 386 10135 non
393 10093 457 10149 pollet
466 10095 585 10151 coadjuvare
593 10124 599 10142 ‚
606 10107 654 10148 quta
660 10096 708 10137 dum

248 10147 271 10189 sit
280 10152 363 10192 nutritio
373 10164 410 10206 per
416 10151 533 10194 alimentum
542 10184 548 10200 ‚
558 10153 600 10206 jam
608 10150 661 10194 illius
668 10152 709 10195 fot-

248 10219 281 10246 ma
288 10235 293 10252 ›
300 10212 321 10249 δί
329 10209 373 10263 ejus
380 10208 480 10251 facultates
492 10209 535 10252 sunt
546 10209 708 10264 corruPtae‚ali‘as

248 10277 291 10304 non
305 10265 363 10307 fieret
379 10267 470 10309 transtus
486 10271 506 10310 in
524 10265 651 10310 substantiam
662 10269 708 10311 aliti.

250 10320 305 10361 Tum
314 10324 363 10378 quia
375 10323 450 10380 spiritus
462 10326 532 10368 vitales
540 10324 709 10381 praestarrtomni-

250 10375 287 10418 bus
297 10381 386 10434 partibus
395 10381 455 10424 nostri
468 10386 555 10441 corporis
566 10382 654 10424 calorem
662 10416 667 10434 ,
674 10387 710 10441 qui

249 10449 272 10475 ut
284 10435 440 10483 instrumentum
449 10442 525 10497 perficit
532 10443 656 10499 operationes
666 10457 710 10484 orn-

250 10494 308 10534 nium
322 10501 421 10552 partium,
433 10498 534 10556 praecipue
549 10513 584 10554 pro
598 10499 710 10542 aelionibus

251 10553 322 10592 animae
331 10558 463 10610 vegetativae:
480 10571 529 10613 crgo
541 10554 611 10600 frustra
623 10560 644 10598 in
655 10560 710 10600 hunc

251 10606 314 10651 finem
322 10612 404 10655 deberet
412 10616 513 10658 informari
519 10632 552 10673 per
560 10615 622 10663 illam,
631 10616 677 10657 clun
685 10617 710 10658 ab

251 10664 285 10707 illa
297 10666 361 10723 posset
375 10673 427 10713 idem
438 10672 495 10715 calor
509 10675 591 10731 produci
604 10674 626 10713 in
636 10673 710 10717 eisdem

747 10101 855 10139 minanam
862 10110 929 10153 ,capy
941 10112 989 10139 cum
998 10096 1111 10140 D·Th0ma
1118 10099 1208 10151 depoten-

748 10158 787 10199 tia,
793 10157 866 10211 questa
874 10168 931 10209 aren.
938 10159 961 10203 ἀ
969 10158 988 10195 in
994 10172 1013 10207 4*
1020 10150 1185 10209 Senum-solutu
1191 10172 1208 10195 2.

750 10211 859 10258 ubidocen
870 10214 926 10267 qnod
933 10212 963 10256 lac
976 10217 996 10254 &
1004 10210 1071 10253 semen
1082 10227 1122 10253 non
1129 10214 1209 10254 adinte-

749 10282 809 10325 grant
814 10273 942 10313 individuum
949 10276 970 10313 in
977 10272 1048 10313 ordine
1059 10271 1083 10311 ad
1090 10268 1121 10315 se,
1132 10268 1165 10313 sed
1175 10286 1209 10312 or-

749 10329 813 10370 dinari
822 10333 899 10373 tantbm
911 10331 936 10371 ad
944 10328 1030 10387 speciem
1043 10325 1208 10374 conservandam

749 10387 796 10427 ideo
808 10401 845 10429 nec
859 10391 897 10428 vita
907 10387 1001 10429 srunutur
1015 10399 1051 10441 per
1063 10386 1160 10427 individui
1171 10386 1210 10429 fot·

750 10458 816 10493 mam,
829 10459 873 10501 quae
883 10443 1046 10498 solbminformat
1056 10440 1098 10483 suas
1109 10457 1170 10498 partes
1179 10447 1211 10485 in.

750 10513 850 10555 tegrantcs
862 10506 883 10544 in
896 10499 930 10543 suo
944 10501 983 10544 esse
999 10501 1119 10543 individuali
1128 10499 1164 10543 sub
1178 10501 1211 10543 tali

750 10558 805 10600 sexu.
1004 10599 1015 10615 R

780 10616 876 10659 Probatur
887 10611 1156 10670 secundbdesemiue‚quod
1163 10614 1212 10659 litet

750 10672 774 10715 srt
786 10689 854 10731 aptum
872 10673 964 10729 proxime
977 10675 1047 10715 vivere
1062 10686 1098 10725 per
1117 10673 1210 10724 sormam,

252 10725 340 10779 partibus
347 10728 388 10771 sine
396 10727 492 10785 spiritibus
498 10732 598 10779 vitalibus,
606 10729 712 10787 iquorum
719 10748 741 10789 D
751 10745 797 10786 qux
809 10729 933 10787 subsequitur
945 10736 965 10774 in
973 10731 1006 10773 illo
1017 10761 1023 10778 ,
1036 10733 1081 10772 aeto
1094 10745 1160 10773 tatnen
1168 10747 1211 10775 non

254 10780 317 10824 forma
323 10791 436 10841 vegetativa
447 10787 563 10847 supponunt
571 10790 656 10831 calorem
665 10806 712 10848 pro-

253 10838 418 10886 duciContrarii.
524 10851 526 10853 ’

282 10902 376 10943 Tandem
388 10902 470 10947 fulcitur
489 10902 581 10946 resolutio
596 10904 713 10948 dCaneiro

253 10958 330 10998 tatione
345 10959 448 11019 desumpta
460 10978 486 11004 ex
501 10966 528 11006 D.
537 10963 619 11005 Thoma
640 10980 657 11016 3.
663 10976 713 11020 part.

253 11015 310 11069 quest.
322 11032 420 11069 310art.r.
435 11022 469 11064 ubi
480 11022 540 11063 dotet
552 11022 658 11064 Christum
667 11026 713 11065 Do·

253 11075 331 11115 minum
340 11074 447 11119 formatum
461 11077 518 11121 fuisse
526 11092 552 11121 ex
563 11077 658 11136 sanguine
666 11084 712 11125 Vit-

254 11132 316 11185 ginis,
325 11149 366 11175 non
372 11149 397 11177 cx
406 11151 478 11186 carne,
492 11142 512 11179 &
519 11136 600 11186 offibus,
610 11142 659 11193 quia
665 11153 713 11179 caro

255 11191 276 11227 δὲ
282 11186 384 11235 offacrant
391 11209 456 11250 partes
463 11193 503 11237 sua
508 11199 573 11239 matris
579 11200 674 11238 viventes
683 11197 713 11237 Ex

254 11258 296 11300 quo
303 11253 432 11294 convincitur
443 11284 449 11302 ,
460 11256 518 11310 quod
529 11252 606 11308 sanguis
618 11268 660 11295 non
672 11268 714 11297 erat

255 11316 301 11361 pars
310 11309 378 11349 vivens
385 11309 442 11357 illius,
450 11312 499 11353 srcut
505 11327 560 11360 care,
568 11316 589 11353 be
595 11309 643 11355 ossa.
661 11317 715 11355 Tum

254 11366 303 11419 qnia
308 11362 423 11409 Concilium
431 11367 628 11426 Tridentinumsrffir
636 11384 715 11427 amp-3·

753 10789 870 10833 informatur
879 10803 914 10845 per
923 10788 1007 10831 formam
1014 10789 1122 10838 individui,
1134 10791 1156 10831 in
1168 10805 1211 10845 quo

753 10861 867 10904 permanet,
875 10862 908 10889 aut
916 10845 927 10888 ὲ
934 10861 976 10903 quo
984 10858 1102 10902 generatur:
1109 10861 1151 10887 non
1157 10852 1212 10891 enirn

753 10905 784 10948 est
793 10922 837 10964 pars
842 10906 991 10959 individuiejus
997 10903 1084 10960 partibus
1091 10905 1159 10959 primae
1164 10920 1213 10947 con-

752 10962 856 11007 stitutionis
861 10964 978 11005 continuata
985 10991 992 11010 ‚
999 10974 1036 11002 nec
1044 10964 1114 11003 vivens
1124 10975 1160 11017 per
1168 10962 1213 11008 illa-

752 11037 797 11064 rum
810 11022 893 11065 formam
903 11052 909 11069 ,
922 11036 945 11063 ut
954 11034 1025 11062 teuent
1035 11019 1215 11072 conimbricenses,

751 11082 882 11123 &deducunt
892 11092 918 11119 ex
928 11075 1030 11121 Aristotele
1042 11076 1072 11121 lib,
1082 11080 1213 11134 ndcgemrat.

751 11141 831 11185 animal.
836 11152 872 11193 cap.
877 11154 893 11189 3.
907 11141 928 11178 δι
935 11152 960 11179 ex
969 11139 995 11178 D·
1002 11134 1078 11177 Thon.
1087 11137 1140 11178 libr.
1148 11151 1213 11179 contra

750 11210 825 11253 gentes,
834 11210 872 11252 cap.
880 11199 890 11237 8
893 11212 912 11248 9.
922 11201 943 11238 δε
951 11209 1005 11237 tenet
1014 11196 1082 11235 Scotus
1095 11195 1171 11251 distind‘.
1176 11211 1211 11249 44.

756 11254 848 11298 Albertus
858 11258 946 11308 Magnus
955 11264 1023 11308 ψη.
1031 11256 1130 11295 summale
1136 11253 1212 11299 homine,

756 11314 810 11357 &est
819 11317 867 11355 inter
878 11312 970 11355 Medicos
979 11314 1114 11353 communiter
1125 11326 1213 11368 receptat

757 11371 786 11413 est
796 11375 849 11414 enim
861 11384 905 11426 pars
922 11384 966 11426 quat
980 11371 1059 11424 corpori
1075 11372 1127 11411 uniri
1138 11373 1218 11426 nequit,

255 11417 336 11468 diffinit,
342 11426 399 11479 quod
405 11440 431 11467 ex
435 11430 455 11468 vi
462 11428 567 11471 verborum
572 11428 637 11471 existit
642 11443 714 11485 corpus
725 11436 741 11476 Β
756 11433 805 11485 quia
814 11428 842 11472 est
848 11430 977 11470 determinata
986 11442 1008 11467 ut
1014 11429 1116 11469 emittatur
1125 11430 1145 11470 in
1153 11427 1217 11472 aliud.

256 11476 331 11520 Christi
337 11480 373 11524 sub
380 11482 481 11539 speciebus
491 11491 546 11541 panis
552 11518 558 11535 ,
564 11493 585 11531 bt
593 11485 671 11543 sanguis
678 11485 714 11529 sub

256 11534 358 11595 speciebus
367 11546 419 11584 vini:
433 11547 455 11584 ὅί
463 11544 477 11585 si
486 11542 563 11600 sanguis
576 11545 715 11588 informaretur

254 11593 464 11657 cumformacorporis
471 11602 716 11661 Christi‚dicereturquod

255 11649 304 11695 esset
312 11651 350 11697 sub
361 11657 464 11714 speciebus
475 11659 582 11718 utriusque.
605 11667 660 11705 Turn
669 11665 717 11720 quia

258 11712 379 11757 DTlrom-as
387 11720 480 11775 npquaest.
485 11725 522 11761 vlt.
527 11733 583 11769 aran
593 11721 654 11763 docet
660 11718 718 11777 quod

258 11774 431 11818 nutrimentalem
442 11778 509 11819 nostro
521 11793 605 11835 corpore
615 11779 644 11821 est
655 11779 716 11827 iliud,

220 11868 223 11874 ,
258 11829 315 11881 quod
323 11836 414 11877 nondum
422 11840 519 11893 pervenit
527 11839 554 11879 ad
561 11838 718 11893 participandam

260 11897 350 11931 msam
362 11889 445 11949 specieir
453 11898 474 11935 &
484 11896 531 11937 ideo
540 11893 621 11952 ⁴sangnis
628 11909 670 11937 non
678 11909 717 11951 po-

257 11941 413 12012 testeam&
419 11954 444 11995 ad
448 11951 488 11996 effe
493 11954 674 12011 animatribuentis
679 11950 719 11995 effe

260 12014 347 12059 Pamum
358 12012 517 12060 nutriendam.
549 12034 564 12037 ¹>

756 11493 811 11532 Tum
825 11492 871 11543 quia
881 11501 922 11534 non
932 11484 963 11527 est
970 11498 1042 11540 corpus
1053 11485 1122 11527 adhuc
1135 11488 1218 11541 organi-

756 11560 829 11589 zatum.
854 11548 907 11586 Tum
916 11546 1222 11599 quianequitnutriri,necau-
1266 11590 1272 11597 ‚

756 11606 799 11661 geri
808 11604 834 11646 ab
847 11600 969 11649 intrinseco,
989 11597 1022 11643 sed
1034 11600 1046 11643 a
1057 11596 1096 11641 sola
1107 11615 1219 11661 generante

756 11663 804 11705 illud
819 11661 933 11709 facultate,
953 11673 997 11716 quae
1012 11657 1085 11700 refidet
1097 11662 1117 11702 in
1133 11658 1221 11702 testibus.

758 11723 813 11763 Tum
823 11722 870 11775 qnia
879 11733 921 11760 non
928 11717 958 11759 est
969 11717 1083 11758 ordinatum
1094 11733 1116 11759 ut
1128 11731 1223 11773 operetur

756 11794 781 11820 ut
787 11783 857 11825 vivens
864 11775 903 11818 tale
909 11774 954 11825 ,sed
961 11788 1057 11830 tanquam
1066 11774 1219 11818 instrumentum

756 11840 852 11887 viventis,
861 11832 873 11876 al
883 11848 926 11887 quo
933 11834 1012 11878 decidit.

788 11895 884 11937 Probatur
889 11892 958 11945 tertib,
967 11892 1023 11951 quod
1030 11907 1072 11935 non
1080 11897 1147 11934 vivant
1154 11905 1220 11948 partes

759 11950 893 11997 deservientes
907 11953 934 11993 ad
946 11965 1051 11999 ornatum,
1062 11968 1085 11993 ut
1096 11963 1186 12005 ungues,
1197 11953 1219 11993 δί

761 12013 830 12070 capilli.
844 12009 930 12068 Depilis
935 12008 1223 12063 tenemrcrntltnsnbspart,

1124 12066 1230 12109 naturalis?
