7350 12967
305 8529 390 8608 208

297 8707 338 8747 Alit
350 8702 432 8747 miscent
444 8700 563 8745 carbonibus
574 8714 644 8741 autum
654 8715 688 8748 ‚vt
700 8711 761 8753 appa-

300 8776 342 8804 reat
355 8776 390 8819 pet
398 8776 462 8808 artem
481 8758 558 8800 finum.
581 8757 622 8813 Alij
638 8759 713 8798 catinos
723 8759 760 8798 du-

300 8820 373 8877 plicato
383 8819 447 8862 fundo
459 8816 533 8859 sariunt
548 8844 553 8860 2
568 8821 589 8859 &
603 8814 710 8857 includunt
727 8827 763 8854 au·

300 8882 377 8921 suntin
391 8876 481 8918 inferiori
490 8905 496 8921 ,
506 8889 528 8914 ut
541 8871 657 8915 ostendatur
669 8869 724 8925 quast
737 8870 763 8912 ab

300 8934 338 8978 illis
350 8934 435 8979 factum,
449 8936 512 8987 ptimo
518 8930 583 8973 fundo
597 8929 706 8973 confracto.
721 8928 761 8983 Alij

302 9005 408 9048 argentum
419 8994 501 9045 tingunt
513 9004 560 9030 cum
572 8987 714 9036 orichalco,ut
726 9001 763 9042 ap-

301 9064 367 9108 pareat
378 9046 501 9089 effeaururn.
516 9046 556 9102 Alij
569 9049 649 9101 tingunt
664 9060 688 9086 aes
696 9047 763 9099 pracci-

303 9111 364 9166 pitato
372 9138 378 9156 ,
386 9104 420 9148 seu
429 9120 482 9161 aqna
492 9104 538 9146 forti
547 9134 553 9152 ,
562 9119 584 9146 nt
601 9116 695 9160 appareat
709 9100 763 9142 luna.

304 9164 344 9220 aiij
355 9162 466 9206 verbaliter
478 9166 573 9205 tincturas
586 9174 696 9217 praeparant
704 9190 710 9208 ,
718 9172 764 9214 quat

302 9219 364 9281 paulo
380 9221 423 9278 post
442 9220 555 9266 deficiunt,
570 9219 605 9260 vel
624 9220 666 9261 aliis
683 9217 766 9258 diuersis

302 9281 368 9324 modis
384 9278 455 9321 fallere
474 9293 571 9320 conantur
584 9307 590 9325 ‚
603 9293 626 9319 ut
638 9281 766 9319 incautorum

306 9352 420 9393 emungant
427 9351 503 9378 aurum.

263 9440 265 9443 .
337 9397 435 9439 Probatur
445 9393 516 9451 quarto
523 9414 528 9435 ι
536 9395 557 9435 Si
564 9389 684 9450 chrysoprtii
690 9387 768 9446 possent

302 9451 372 9496 facere
385 9469 457 9495 aurum
470 9467 510 9494 uno
525 9466 551 9493 tx
563 9464 650 9507 quatuor
663 9450 737 9496 modis,
745 9448 767 9489 il-

304 9511 339 9554 lud
354 9509 449 9567 consequi
463 9525 565 9552 tentarent
578 9540 585 9557 ,
596 9523 616 9548 ut
633 9508 768 9548 communiter

304 9571 358 9626 apud
366 9583 437 9611 omnes
446 9568 475 9610 est
487 9580 592 9623 receptum
605 9596 610 9613 ‚
624 9564 657 9605 vel
670 9578 705 9618 pet
721 9577 766 9619 pro-

304 9628 431 9673 dndtionem,
445 9626 477 9668 vel
485 9639 520 9681 pet
532 9625 660 9680 purgationes
671 9652 678 9670 ‚
690 9621 721 9662 vel
731 9636 767 9677 per

303 9682 481 9738 transmutationes,
491 9682 522 9724 vel
529 9695 564 9738 pet
574 9680 707 9723 tolerationes
715 9696 721 9718 ε
728 9682 767 9723 Sed

305 9742 361 9784 nullo
376 9740 478 9783 modoet
493 9742 550 9782 dietis
563 9735 627 9796 potest
638 9736 680 9777 fieri
695 9751 767 9779 verum

303 9814 387 9843 aurum:
398 9801 451 9855 Ergo
464 9797 574 9841 frustranea
585 9802 606 9840 &
619 9795 731 9836 chirnatrica
739 9795 768 9837 est

305 9856 435 9915 chrysopotia
449 9856 546 9900 Probatur
560 9857 631 9897 minor.
654 9854 709 9893 Tum
726 9857 768 9908 pti-

306 9916 416 9973 mo,quod
429 9916 517 9970 nequeat
529 9914 571 9956 fieri
585 9912 611 9953 ab
622 9924 663 9953 arte
673 9923 709 9966 per
720 9924 767 9966 pro-

307 9976 430 10017 ductionem.
452 9975 507 10016 Nam
525 9987 548 10013 ut
565 9971 625 10012 docet
641 9971 668 10012 D.
681 9967 769 10009 Thomas

307 10031 354 10075 loco
366 10034 428 10075 citato
440 10060 446 10079 ,
460 10044 532 10072 aurum
545 10043 587 10070 nou
601 10029 623 10070 fit
632 10040 668 10081 per
682 10026 768 10068 calorem

306 10092 372 10146 ignis,
384 10104 427 10144 quo
439 10101 520 10130 utuntur
532 10083 657 10129 Aschimistae
669 10112 675 10130 ,
686 10080 720 10125 sed
734 10097 770 10139 pet

306 10148 391 10189 calorem
400 10145 450 10189 Solis
464 10149 485 10187 in
496 10139 730 10190 incedeterminato‚ubi
741 10144 769 10182 vi-

307 10217 342 10261 get
356 10208 417 10246 virtus
430 10203 527 10246 naturalis
541 10205 636 10248 praterea
647 10199 695 10244 ficut
706 10198 769 10243 homo

306 10266 376 10319 nequit
391 10261 435 10304 tien
450 10261 491 10304 fine
506 10261 596 10317 quadam
611 10259 770 10313 organizatione,

307 10335 352 10377 quat
370 10323 441 10376 nequit
457 10318 491 10362 nisi
504 10321 577 10362 virtute
598 10316 678 10359 seminis
697 10328 770 10371 paren·

308 10393 351 10421 tum
362 10382 382 10421 in
389 10393 446 10421 utero
456 10375 593 10425 conformari,
602 10374 687 10417 similiter
700 10386 769 10427 neque

308 10450 380 10479 aurum
392 10434 456 10494 potest
468 10434 510 10477 sieri
524 10434 565 10476 sine
576 10434 663 10489 quadam
674 10430 768 10472 elemen-

263 10493 273 10506 ¹
308 10497 383 10537 tatione
396 10525 401 10542 ,
414 10491 449 10535 seu
471 10493 613 10534 commixtione
633 10487 768 10546 perfecerunt

308 10555 392 10607 partium
410 10551 538 10594 materialium
557 10550 646 10590 omnium
659 10545 768 10590 elemento·

309 10623 351 10652 ram
360 10639 365 10657 ,
375 10623 438 10670 quarn
449 10611 521 10664 nequit
537 10621 568 10655 ars
579 10604 699 10662 cognoscere
712 10633 717 10651 ,
732 10618 770 10645 nec

533 8510 735 8627 Displll.
755 8507 1023 8600 Miscellanea]

296 8647 389 8687 videatur
400 8660 496 8702 tanquam
503 8642 613 8697 incipientis
621 8643 662 8685 auti
674 8638 760 8696 fignum.
771 8646 789 8687 Α
800 8630 1105 8684 mutationem,extrahendoex
1122 8642 1172 8670 auro
1183 8642 1260 8684 negem.

801 8709 822 8735 to
838 8697 929 8748 quintam
939 8689 1052 8738 essentiam,
1065 8703 1109 8744 ουκ
1123 8687 1262 8731 οάἰυοᾶοευί-

803 8754 832 8791 vis
850 8749 930 8792 metallo
942 8780 948 8798 ,
960 8747 1010 8788 iilud
1027 8761 1132 8788 conuertat
1153 8747 1173 8784 in
1192 8760 1262 8789 autum

803 8824 881 8850 verum.
904 8810 958 8851 Num
974 8807 1018 8847 haec
1030 8801 1176 8845 extractionis
1189 8803 1263 8857 quintae

803 8864 1011 8911 essentiaecr'tfictirta,
1022 8870 1043 8906 dt
1056 8862 1125 8903 adhuc
1140 8859 1207 8901 stciset
1219 8860 1263 8914 pos-

804 8923 874 8970 sibilis,
887 8937 931 8964 non
942 8920 972 8964 est
979 8936 1014 8962 cur
1023 8919 1087 8962 valcat
1099 8917 1175 8972 reliqua
1184 8918 1263 8960 metallr

804 8995 921 9023 conuertere
928 8984 947 9021 in
959 8993 1030 9020 vetum
1041 8991 1109 9020 aurum
1117 8978 1174 9031 ,quia
1188 8975 1264 9017 metalla

804 9053 846 9079 non
859 9037 987 9094 regenerant
1000 9036 1048 9077 sicut
1060 9035 1157 9075 clementa
1170 9047 1220 9079 ,aut
1233 9036 1264 9073 vis

804 9100 887 9143 venria,
898 9101 945 9151 quia
954 9095 1006 9137 stunt
1018 9092 1072 9140 solis,
1085 9098 1105 9135 &
1117 9089 1214 9134 astrorum
1225 9095 1265 9131 vit-

804 9168 847 9194 tute
856 9185 862 9202 ,
872 9158 892 9194 &
905 9159 925 9195 in
939 9150 977 9194 suis
988 9152 1058 9193 fodinis
1067 9166 1072 9195 5
1080 9152 1127 9205 quia
1137 9162 1178 9189 non
1195 9146 1265 9189 estcur

804 9212 908 9254 credamus
916 9242 921 9255 ,
929 9210 986 9266 quod
1002 9208 1034 9249 illa
1042 9211 1109 9262 quinta
1119 9204 1199 9248 effcntia
1213 9205 1266 9247 valet

804 9284 882 9310 mutare
895 9280 1075 9324 temperamentum
1092 9263 1229 9311 elementale,
1243 9269 1264 9305 dt

779 9341 794 9380 B
805 9325 958 9369 substantificum
970 9327 1049 9366 alterins
1060 9321 1146 9367 metalli,
1159 9328 1179 9362 ὅ(
1189 9335 1265 9375 ponere

805 9384 863 9426 simul
882 9382 1036 9425 substantificum
1055 9381 1095 9423 auri
1116 9392 1266 9437 temperamen-

805 9458 865 9489 tum,
885 9442 927 9482 fine
946 9455 987 9495 quo
1005 9441 1074 9494 nequit
1091 9434 1183 9493 subsequi
1202 9436 1267 9477 forma

806 9502 848 9541 auri
860 9504 880 9541 in
895 9500 925 9540 illa
936 9500 1032 9541 matctiar
1042 9497 1092 9537 licut
1105 9509 1143 9536 nec
1153 9496 1193 9535 sine
1200 9493 1267 9535 debita

805 9560 956 9612 organizatione
967 9554 1032 9611 potest
1042 9557 1062 9595 in
1067 9557 1137 9609 quavis
1148 9555 1228 9593 materia
1236 9555 1266 9592 in·

806 9615 885 9657 troduci
897 9612 961 9656 forma
969 9615 1104 9660 hominunm
1111 9611 1180 9652 leonis.

835 9676 892 9715 Tum
905 9668 978 9728 quatro
989 9671 1097 9727 probatur,
1111 9669 1168 9724 qnod
1179 9667 1263 9726 chryso·

807 9734 861 9786 potia
880 9734 949 9786 nequit
967 9729 1035 9771 facete
1055 9740 1127 9767 verum
1145 9741 1215 9767 aurum
1229 9741 1267 9783 per

806 9788 962 9830 tolerationem:
971 9787 1026 9842 quod
1033 9797 1086 9840 patet
1096 9801 1102 9829 s
1115 9798 1162 9825 nam
1173 9781 1235 9828 soiltm
1242 9785 1267 9825 si-

807 9845 838 9888 stit
850 9851 871 9889 in
883 9847 983 9901 tingendo
994 9843 1047 9885 uliud
1060 9840 1162 9882 metallum
1173 9857 1219 9883 cum
1229 9857 1267 9882 au-

808 9907 824 9945 ri
832 9904 911 9953 colore,
919 9904 959 9945 stne
970 9901 1097 9955 acquisitione
1105 9900 1172 9942 fornae
1181 9899 1268 9941 substan·

808 9961 859 10005 tialis
871 9965 914 10004 auri
922 9993 928 10011 ‚
936 9959 971 10002 sed
984 9958 1046 10001 solittn
1059 9958 1156 10000 mutando
1174 9959 1267 9999 atriden.

783 10021 870 10082 etalem
884 10019 969 10061 sormam
985 10017 1055 10057 coloris
1077 10033 1082 10056 ε
1103 10016 1158 10070 Ergo
1175 10014 1230 10056 nullo
1242 10030 1267 10056 cx

809 10078 874 10118 modis
881 10075 983 10133 propostis
993 10075 1004 10118 a
1014 10069 1136 10128 chrysopoeis
1143 10071 1170 10115 est
1177 10073 1268 10129 poffibilis

809 10139 852 10177 veri
863 10138 905 10176 auri
912 10134 1016 10190 produdtio
1023 10132 1047 10175 ab
1054 10129 1094 10170 illis

980 10232 983 10238 '
996 10238 1014 10283 §.
1036 10231 1081 10272 111.
1115 10270 1118 10275 .

815 10327 1041 10385 Solvunturfimdamema
1047 10322 1140 10367 contrari}
1145 10326 1263 10380 opinantium.

861 10429 882 10469 D
902 10430 989 10484 primurn
1005 10420 1155 10480 respondetur>
1169 10421 1226 10475 quod
1241 10429 1268 10461 ex

810 10434 957 10541 Afarragine
966 10496 1037 10525 eorum
1050 10482 1159 10538 quiconari
1171 10478 1215 10521 sunt
1227 10477 1269 10520 sua-

807 10540 1061 10599 derepercnyrosopntiam
1072 10534 1126 10595 posse
1136 10551 1208 10578 aurum
1218 10536 1269 10586 fieti,

809 10598 872 10645 solun
881 10601 988 10656 probatur,
997 10599 1027 10641 vel
1033 10599 1089 10653 qnod
1097 10594 1126 10636 est
1140 10594 1226 10636 infinitus
1232 10610 1269 10636 nu-

308 10666 323 10708 sr
339 10670 493 10724 cognosceretur
505 10696 511 10713 ,
531 10660 594 10722 posset
608 10661 729 10705 conformari
745 10661 770 10702 ab
809 10672 876 10700 mertis
887 10657 990 10701 stultorum
1000 10688 1006 10705 ,
1017 10656 1090 10712 quibus
1098 10653 1133 10709 ipsi
1144 10653 1204 10695 fidem
1216 10651 1269 10694 sece-

309 10724 377 10782 aliquo
388 10724 464 10768 artifice
476 10743 481 10767 r
495 10725 548 10778 Ergo
561 10723 631 10777 nequit
643 10717 767 10776 chrysopoeia
776 10740 797 10781 D
810 10732 856 10759 runt
869 10717 916 10760 rvel
927 10717 982 10771 quod
993 10712 1036 10756 sunt
1049 10714 1113 10769 piures
1127 10711 1220 10752 homines
1232 10713 1270 10752 de-

308 10797 379 10825 aurum
386 10797 456 10825 vetum
464 10781 544 10826 efficere
552 10793 588 10836 per
597 10779 753 10835 productionem.
810 10775 898 10829 perditi,
906 10779 927 10816 &
936 10771 1051 10828 impostores
1058 10800 1064 10817 ,
1072 10771 1107 10824 qni
1120 10771 1191 10810 uiuunt
1199 10780 1223 10808 ex
1232 10768 1270 10810 'trac

338 10845 394 10885 Tum
407 10838 613 10896 secundoprobatur,
625 10835 681 10892 quod
691 10833 769 10892 chryso-
810 10831 900 10877 vastitie5
912 10830 943 10873 vel
954 10830 1010 10885 quod
1022 10828 1101 10885 plurimi
1112 10825 1228 10882 impostores
1234 10839 1270 10881 per

310 10904 361 10956 prtia
371 10914 410 10941 non
423 10898 476 10954 poffit
491 10898 557 10940 facere
567 10909 639 10938 aurum
649 10907 683 10949 per
696 10907 770 10950 purga·
812 10889 894 10932 fallacias
905 10888 961 10946 snprl
970 10886 1041 10944 positas
1053 10885 1207 10928 introduxerunt
1216 10884 1271 10924 hane

310 10961 373 11002 tiones
388 10956 524 11003 metallorum,
533 10967 632 11010 quatenus
644 10950 770 11007 reliquame-
809 10946 946 10991 credulitatem
958 10964 964 10994 5
980 10944 1013 10987 vel
1026 10945 1106 10987 tandem
1117 10957 1153 10998 pto
1162 10940 1271 10983 credulita-

311 11016 357 11058 talla
370 11016 464 11057 dicuntur
473 11029 514 11057 non
525 11013 629 11068 peruenire
637 11010 661 11054 ad
673 11012 716 11050 auri
728 11022 771 11064 per·
810 11021 831 11049 te
843 11019 914 11047 eorum
927 11009 963 11061 qui
973 11005 1064 11060 jurarunt
1080 11003 1100 11042 in
1113 11000 1174 11042 verba
1190 10999 1271 11039 Chimi-

311 11072 416 11118 fttlionem
425 11075 484 11128 ,quia
492 11076 511 11113 in
519 11070 555 11112 illis
570 11068 614 11113 sunt
623 11069 690 11123 aliqua
697 11081 770 11111 exere·
810 11077 882 11105 corum
895 11066 978 11105 dicimus
986 11093 991 11110 ,
999 11061 1057 11118 quod
1066 11058 1079 11100 sr
1089 11071 1160 11100 terum
1171 11054 1234 11099 fnisset
1244 11055 1271 11098 ab

312 11144 379 11174 menta
394 11132 502 11173 commixta
515 11142 576 11184 ,quat
591 11124 733 11169 stattserantur
745 11126 770 11167 ab
810 11121 878 11179 aliquo
897 11115 1007 11178 apparuisse
1026 11131 1097 11159 aurum
1116 11113 1172 11157 fuisse
1187 11113 1271 11163 finum,

312 11192 504 11245 arte,petueniuut
516 11187 542 11229 ad
562 11187 605 11227 auri
622 11181 771 11241 perfectionem
812 11181 853 11222 hoc
868 11194 910 11221 non
925 11176 972 11221 effer
987 11190 1075 11222 verum,
1090 11171 1123 11215 sed
1138 11172 1149 11214 al
1162 11186 1271 11215 vetoauro

313 11248 352 11290 Sed
362 11248 498 11289 chimericum
513 11242 543 11287 est
554 11242 594 11284 hoc
607 11241 770 11289 fundamentum
811 11235 879 11292 specie
886 11233 1106 11281 diversumfficiitium,
1119 11231 1203 11288 &quod
1211 11229 1272 11272 tuln

312 11320 361 11349 nam
370 11318 411 11347 tota
421 11302 501 11349 essentia
510 11303 555 11345 auri
567 11298 654 11342 confistit
663 11303 772 11354 inproprii
813 11295 874 11344 habet
884 11295 940 11336 dotes
952 11322 958 11339 ‚
977 11305 1014 11334 nec
1028 11293 1156 11348 proprietates
1170 11289 1211 11331 veri
1223 11290 1273 11333 auri,

313 11361 377 11406 forma
398 11358 515 11405 substantiali
527 11361 571 11401 auti
584 11372 661 11414 ,prout
677 11355 774 11400 informat
813 11367 851 11394 nec
862 11367 899 11410 pro
911 11351 1061 11395 medicamentis
1074 11344 1137 11406 posset
1144 11344 1183 11388 csse
1194 11361 1219 11387 ex
1229 11342 1273 11392 usu,

313 11421 373 11464 talem
387 11420 533 11463 elementorum
539 11416 721 11461 commixtionem,
731 11415 772 11456 siue
786 11406 801 11446 Ε
813 11423 858 11465 quae
872 11424 944 11467 petunt
953 11409 996 11451 fieti
1006 11421 1032 11449 ex
1041 11423 1100 11454 auto,
1114 11420 1151 11447 nuc
1160 11402 1273 11462 prosecuta

315 11478 353 11521 sint
365 11481 474 11521 commixta
485 11478 551 11533 aliqt'ta
558 11474 709 11518 excrementitia
718 11502 724 11519 ‚
732 11471 772 11515 fite
810 11464 933 11511 conscientia
941 11481 1024 11514 corum,
1032 11468 1068 11522 qui
1077 11479 1115 11524 pto
1126 11471 1175 11505 vero
1184 11476 1233 11505 auro
1238 11459 1273 11503 illo

316 11550 373 11580 non:
388 11542 408 11579 δὲ
418 11538 466 11581 cnm
479 11548 566 11593 nequeat
580 11547 628 11580 ars,
645 11530 685 11573 fine
698 11527 774 11573 auferat

314 11597 464 11638 excrementitia
471 11593 527 11640 ‚nuc
538 11591 573 11634 illa
580 11589 773 11645 relinquat,produ-

315 11665 363 11710 tete
372 11651 431 11696 alen
445 11651 531 11699 formant
542 11683 549 11701 ,
560 11662 630 11707 neque
645 11646 714 11690 facere
730 11661 772 11689 mo-

313 11710 365 11756 dum
376 11706 484 11758 substantia
494 11710 643 11753 elementorum
657 11704 774 11762 requistum

312 11787 353 11829 pro
370 11766 423 11811 illas
439 11768 486 11809 ideo
500 11768 541 11810 five
556 11766 623 11812 lavet.
639 11762 680 11806 fite
695 11761 773 11805 abster-

314 11843 350 11887 gat
364 11823 443 11869 metalla
454 11851 462 11872 s
472 11839 574 11882 nunquam
591 11823 688 11882 producet
702 11836 774 11865 verum

315 11900 395 11932 autum.

813 11540 902 11568 utuntur.

843 11585 878 11627 Ad
884 11582 994 11626 secundum
1004 11579 1133 11637 respondetur
1143 11576 1212 11633 ,quod
1223 11574 1274 11620 scut

813 11655 915 11699 repugnat
923 11655 959 11699 per
964 11640 1052 11697 aliquam
1057 11650 1120 11680 artem
1128 11649 1204 11690 equum
1211 11629 1274 11677 trans·

812 11715 890 11744 mutare
901 11704 922 11743 iu
938 11700 1045 11744 hominem
1057 11728 1063 11746 ,
1076 11693 1110 11734 vel
1121 11692 1215 11743 leonem,
1227 11692 1274 11748 quia

814 11755 825 11799 ai
838 11759 893 11802 nulla
900 11756 962 11815 potest
972 11757 1020 11814 poni
1029 11759 1050 11797 in
1061 11752 1143 11794 materia
1151 11751 1274 11808 organizatio

813 11830 851 11873 pto
863 11821 885 11860 iis
898 11815 974 11863 formis,
989 11817 1015 11858 ita
1036 11821 1132 11865 repugnat
1145 11806 1274 11866 chrysopoeix

813 11889 892 11919 mutare
903 11872 982 11918 metalla
993 11874 1013 11912 in
1022 11883 1105 11916 autum,
1114 11869 1160 11922 quia
1174 11863 1274 11925 nequitab

813 11932 847 11976 illa
860 11937 907 11990 poni
915 11934 945 11981 lin
957 11930 1036 11970 materia
1050 11926 1127 11972 illorum
1143 11925 1275 11970 elementario,

314 11972 316 11974 v
342 11930 401 11987 'uun
413 11936 477 11987 tertid
495 11938 589 11996 probatur
602 11969 607 11983 .
622 11938 678 11994 quod
692 11934 774 11993 chryso.

308 11997 572 12090 QQP‘iffi‘fioe‘e
583 12009 655 12039 aurum
665 12010 700 12053 pet
711 11993 775 12038 trans-
806 11995 839 12050 ,ὃς
848 11999 1030 12070 temperamentum
1044 11984 1199 12068 subsiaurificum
1208 11981 1275 12081 ffli-
