7350 12967
271 8608 498 8699 serunt
509 8610 1171 8731 Morreteptrtuerrrvunt1

220 8748 322 8793 Decaulis
330 8743 462 8791 suffocationis
470 8744 650 8796 subitbeveuientis
658 8758 678 8797 in
689 8757 707 8797 A
719 8758 766 8797 miei
780 8768 888 8804 enarrant,
901 8752 948 8796 iicet
959 8752 1020 8810 aliqui
1030 8757 1176 8812 aliquantulum

221 8807 272 8846 collo
284 8835 289 8852 ,
303 8812 324 8847 oc
334 8807 403 8860 aspera
413 8812 487 8850 arteria
499 8840 505 8858 ,
517 8811 575 8867 plura
589 8811 678 8856 observat

221 8864 337 8904 Schenkius
343 8862 482 8919 ltb.2.tbscrvat.
491 8870 599 8909 Henuinus
606 8874 626 8911 iu
637 8872 678 8913 Ge·

220 8918 312 8972 nealogia
320 8922 401 8975 Regum
408 8926 501 8966 Navarra
507 8928 677 8982 narrat,Alphon-

220 8974 263 9015 sum
276 8979 353 9030 Regem
361 8981 446 9021 Bavatiae
457 9013 463 9030 ,
477 8981 530 9036 spina
540 8982 595 9038 piscis
607 8988 628 9026 iu
639 9002 678 9027 tra

220 9035 273 9094 chea
280 9039 350 9074 arteria
357 9037 418 9076 infixa
424 9038 507 9093 repente
513 9042 623 9082 extintium
630 9042 677 9083 fuzi-

221 9094 240 9131 le
250 9109 255 9129 ι
267 9092 321 9132 idem
332 9093 435 9134 attestatur
451 9099 594 9152 Agiographus
609 9101 677 9142 Guido

221 9146 323 9201 contigisse
328 9152 510 9205 TarquinioPtisco,
519 9155 678 9196 Nauclcrusnar-

222 9219 250 9245 rat
260 9206 286 9244 de
295 9207 381 9246 Adriano
389 9209 496 9258 pontifice,
504 9211 561 9267 quod
570 9211 635 9254 musca
642 9213 678 9255 suit

221 9261 354 9315 strangulatua
364 9262 604 9322 loanneshntuerpienris
609 9285 677 9311 carun·

222 9319 346 9375 culilttyugi
352 9324 426 9364 adnati
434 9322 497 9366 suhitb
505 9324 609 9367 suffocatus
616 9331 678 9381 petiit:

220 9375 275 9418 suino
281 9377 378 9419 obruente
383 9380 429 9421 vasa
435 9383 624 9437 pulmoniS,repentb
629 9386 678 9426 obiit

222 9437 289 9476 Minos
298 9435 342 9475 Rex
349 9438 418 9479 Crctae.
428 9442 510 9482 Ovidius
518 9440 592 9483 turbini.
605 9444 635 9483 Sic
645 9457 676 9482 va.
689 9444 704 9482 B
751 9442 759 9464 ³

222 9505 284 9546 pore,
295 9489 327 9532 seu
341 9492 397 9536 sumo
412 9498 521 9540 carbonum
536 9497 619 9553 repente
628 9500 677 9541 obiit

223 9551 313 9604 Qiutus
321 9553 433 9600 Lucrinus,
442 9571 464 9596 ut
471 9571 525 9597 tenet
533 9557 622 9598 Valerius
630 9560 678 9598 Ma-

221 9610 293 9646 ximus.
300 9609 562 9667 ScholiographusHollerii
571 9628 595 9654 cx
604 9613 677 9656 absces-

221 9661 241 9702 su
251 9678 310 9719 rupto
317 9669 366 9708 vidit
374 9670 455 9724 repente
462 9686 569 9720 mortuum,
575 9673 599 9711 td
605 9686 677 9727 cap-30.

221 9720 243 9758 de
252 9722 306 9761 matb-
315 9728 378 9763 intem.
402 9728 486 9781 Tyrillus
498 9743 563 9769 narrat
575 9731 601 9769 de
617 9731 677 9770 vidua

222 9777 270 9819 boni
286 9781 380 9827 habitus,
399 9783 483 9838 repente
502 9799 601 9827 mortuam
622 9785 677 9829 fuisse

222 9837 311 9878 Veneriis
328 9851 352 9877 ex
376 9839 473 9893 pulmone
495 9842 571 9897 repleto
593 9845 678 9885 humore

221 9905 299 9948 aqueo,
315 9893 370 9935 simul
382 9911 428 9937 cum
442 9902 550 9953 pericardio
561 9930 566 9948 ‚
578 9907 598 9943 δι
609 9903 677 9942 corde:

221 9956 242 9992 &
257 9951 282 9990 de
294 9951 332 9991 alio
342 9953 395 9994 simili
405 9959 466 9997 modo
476 9958 562 9997 extinclo
573 9960 597 9999 ab
607 9961 677 9999 eadem

221 10006 292 10052 causa,
305 10011 356 10050 idem
367 10025 445 10052 narrat:
460 10015 485 10054 de
495 10015 576 10055 Thoma
588 10018 677 10057 Vicenti-

222 10079 249 10104 no
260 10063 316 10107 roseit
326 10067 411 10123 repenti:
423 10085 523 10113 mortuum
531 10072 558 10112 ob
568 10073 678 10115 vesiculam

221 10137 279 10178 aque
292 10126 312 10165 in
322 10126 401 10167 ramulis
410 10127 481 10183 aspera
492 10131 574 10172 arteriae.

223 10245 661 10263 tuna-m—

274 10306 472 10354 Rrsotvrto
502 10311 634 10359 XXVIII.

220 10412 302 10458 Usrum
310 10410 415 10467 thoracis,
423 10411 678 10472 musculorumautner-

254 10498 336 10530 vorum
354 10483 427 10531 ablata
450 10487 509 10531 astio
530 10483 558 10532 stt
580 10486 642 10536 causa

344 10559 422 10600 mortis
439 10559 563 10625 repentine.

425 10676 443 10720 ς.
466 10676 480 10715 l.

239 10757 364 10814 Mascultrrtm
374 10762 444 10803 thomar·
456 10762 596 10818 deservientium
611 10766 661 10825 ustis,

390 10835 413 10868 (γ
426 10838 511 10864 numerus·

221 10924 338 11035 DEsicit
355 10926 458 10982 respiratio
474 10927 566 10971 vasorum
581 10928 679 10986 pulmonis

282 10983 342 11032 vitio,
355 10999 377 11024 ut
385 10987 484 11029 diximus:
497 10986 566 11028 deficit
581 10996 601 11032 δε
616 10990 678 11030 aboli·

221 11043 275 11079 tione
282 11053 348 11081 motus
360 11042 493 11086 musculorum
506 11047 605 11092 thoracis,
615 11044 678 11088 deset-

221 11099 318 11138 vientium
329 11099 379 11139 illius
391 11105 459 11143 motui.
482 11108 580 11146 Vocamus
590 11103 623 11145 hie
633 11105 678 11145 tho·

220 11167 289 11195 racem
303 11171 367 11197 totum
378 11161 410 11205 id,
423 11161 478 11215 quod
486 11164 535 11201 inter
546 11162 649 11216 jugulum,
657 11166 678 11202 bc

171 11255 173 11259 ⁸
220 11209 299 11264 septum
307 11213 434 11257 transversum
442 11217 548 11259 duodecim
559 11218 616 11259 costis
628 11234 679 11260 cou-

221 11269 310 11318 tinctus,
322 11274 378 11326 quod
386 11278 446 11317 etiam
454 11277 521 11331 pedus
531 11290 618 11317 vocatur.
634 11279 679 11317 Mo.-

221 11339 282 11367 uetur
289 11329 364 11384 duplici
374 11346 444 11386 motu,
453 11333 540 11382 sursum,
552 11339 573 11375 δι
581 11332 678 11376 deorsum.

223 11385 242 11424 Si
253 11381 326 11427 sursum
338 11387 395 11429 costae
408 11391 509 11433 ducuntur
521 11421 527 11438 ‚
538 11393 564 11432 :td
576 11390 595 11432 se
609 11395 675 11447 prori-

221 11443 272 11485 mins
280 11448 379 11487 accedunt
392 11466 397 11488 :
412 11447 539 11497 sidcori'um,
554 11451 603 11491 inter
615 11449 633 11491 se
646 11466 676 11491 re-

717 8811 824 8856 discedant-
832 8816 914 8856 Horum
924 8812 956 8853 alii
963 8810 1007 8852 sunt
1014 8827 1128 8857 communes
1134 8820 1176 8858 aliis

717 8873 777 8912 etiam
788 8867 891 8926 partibus,
906 8871 938 8912 alii
950 8872 1025 8925 proprii
1037 8868 1096 8911 solius
1109 8875 1176 8917 thora-

716 8931 750 8967 cis.
763 8932 819 8969 Inter
827 8943 895 8969 omnes
903 8930 993 8984 proprios
999 8924 1076 8982 septum
1083 8928 1175 8972 transver.

717 8981 759 9024 sum
770 8985 869 9026 musculus
876 8986 905 9027 est
919 8989 1032 9027 communis
1040 8988 1088 9040 parti
1096 8987 1175 9037 derna,

719 9044 740 9079 δε
748 9042 824 9083 sinistrae
836 9063 841 9083 :
855 9043 883 9083 esi
891 9044 951 9092 latus,
962 9045 1071 9090 rotundus,
1081 9046 1100 9083 in
1108 9045 1174 9086 medio

718 9098 775 9138 valde
787 9104 864 9146 teunist
877 9103 946 9156 recipit
957 9100 1047 9143 nervosi
1058 9116 1142 9156 quarto,
1154 9108 1175 9146 δι

718 9159 789 9208 quinto
801 9170 848 9211 pare
855 9173 960 9199 nervorum
968 9189 973 9205 ,
982 9166 1003 9202 δι
1010 9157 1083 9215 spinet:
1094 9160 1174 9200 medul—

727 9226 742 9251 ae
751 9218 828 9255 cervice
838 9217 987 9270 prodeuntium.

904 9326 923 9366 §-
952 9324 985 9363 ir.

719 9406 799 9451 Mustrtli
807 9411 886 9451 thomis
896 9413 955 9451 variis
965 9411 1021 9450 modis
1030 9414 1120 9468 nctesstrit'
1125 9411 1172 9468 fitne

860 9480 893 9522 pro
909 9471 1027 9524 riqptrttiiuc.

766 9556 896 9599 Esolvendum
910 9589 915 9606 ‚
931 9558 986 9612 quod
1002 9572 1070 9599 omnes
1087 9558 1171 9600 thoracis

766 9613 848 9656 musculi
860 9618 916 9657 variis
930 9616 993 9655 modis
1009 9615 1121 9656 deserviunt
1133 9616 1171 9657 res-

717 9672 1172 9728 phanoni&ideoexillotumabolitaadlione

718 9730 822 9772 necessario
831 9729 954 9786 subsequitur
961 9745 1013 9771 mors
1021 9735 1127 9787 repentina.

747 9790 843 9831 Probatur
855 9790 917 9843 prima
933 9802 976 9843 pars
990 9788 1128 9835 resolutionis,
1146 9802 1171 9830 ex

719 9860 758 9899 qua
771 9850 895 9898 convincitur
906 9845 991 9886 secunda
1002 9875 1008 9893 ,
1021 9848 1067 9900 quia
1079 9847 1126 9887 clini
1140 9861 1170 9886 re.

718 9901 793 9957 spiratio
806 9902 881 9943 constet
900 9901 1038 9958 inspiratione,
1056 9905 1095 9957 qui
1110 9919 1171 9945 attra-

719 9960 772 10000 hitur
781 9965 825 10008 aur,
837 9964 856 9999 δέ
866 9957 996 10014 respiratione,
1008 9961 1048 10013 qui
1058 9960 1173 10014 expellitur,

718 10019 744 10058 ad
758 10019 797 10057 hos
813 10032 877 10057 motus
893 10019 966 10071 requiri
983 10031 1052 10056 omues
1071 10020 1172 10072 pradistos

719 10074 817 10115 musculos
829 10075 875 10114 inde
886 10073 960 10114 constat
972 10089 977 10112 :
993 10076 1047 10114 Tum
1056 10079 1102 10130 quia
1115 10074 1127 10113 si
1139 10090 1172 10115 ua·

688 10132 804 10178 Cturaiiter
819 10132 852 10173 fiat
867 10131 981 10185 respiratio,
1002 10129 1071 10173 sufficit
1084 10146 1120 10187 pro
1140 10132 1174 10173 iila
1194 10134 1196 10136 ’

719 10186 795 10244 septum
809 10187 937 10230 transversum
952 10206 956 10227 :
972 10187 985 10226 si
1002 10190 1071 10244 majori
1084 10190 1173 10244 indigeat

720 10250 739 10287 vi
750 10248 775 10287 ad
787 10250 873 10289 thoracis
881 10247 1030 10294 dilatationem,
1045 10250 1173 10303 requiruntur

719 10304 789 10359 reliqui
802 10305 888 10345 thoracis
913 10302 1000 10344 musculi,
1024 10306 1078 10345 Turn
1095 10307 1142 10359 quia
1158 10304 1172 10346 st

719 10360 816 10417 respiratio
826 10362 859 10403 fiat
870 10376 916 10402 cum
927 10362 959 10405 vi,
973 10374 1010 10415 pro
1021 10362 1172 10403 dilatandotho·

718 10433 764 10459 racc
778 10433 818 10460 non
836 10418 896 10459 solim
909 10422 1009 10460 concurrit
1022 10419 1097 10473 septum
1113 10417 1173 10459 trans-

719 10476 796 10518 versum
811 10474 862 10525 ‚sed
883 10474 964 10516 musculi
979 10477 1064 10516 thoracis
1081 10491 1173 10517 eommu-

719 10547 754 10573 nes
766 10566 771 10585 ,
789 10541 808 10576 δε
823 10531 976 10587 coadjuvantur
989 10532 1063 10573 necesse
1072 10535 1115 10589 ejus
1128 10549 1174 10574 mo-

719 10606 763 10632 tum
775 10590 856 10639 abillis,
869 10591 936 10645 quisiti
948 10588 992 10630 sum
1002 10595 1054 10631 inter
1063 10590 1140 10638 costra,
1153 10598 1173 10634 be

721 10648 779 10690 fibras
793 10646 878 10706 superihs
890 10651 986 10691 emittunt,
1005 10651 1058 10690 Tum
1068 10646 1172 10703 exspiratio

720 10704 1173 10761 naturalis,licetagravitatepoilitpenici,re-

720 10763 784 10805 laxato
790 10761 845 10819 septo
856 10763 964 10811 trimetro,
971 10763 1042 10816 juvant
1049 10778 1112 10805 tamen
1120 10763 1172 10805 mus-

687 10827 709 10868 D
719 10821 758 10863 culi
766 10823 963 10867 adcontratiionem,
976 10822 1011 10874 qui
1023 10819 1066 10862 sunt
1077 10824 1126 10861 inter
1138 10837 1171 10862 co-

717 10880 768 10925 stas,
785 10883 805 10919 St
819 10877 877 10920 libras
891 10878 963 10919 habent
978 10877 1003 10917 ab
1018 10877 1104 10920 inferiori
1117 10893 1172 10935 parte

718 10936 792 10979 sursum
800 10935 926 10978 ascendentes
937 10954 941 10976 :
955 10934 1003 10975 tales
1011 10934 1107 10989 sunt,qui
1114 10940 1173 10978 inter·

719 10999 741 11037 ni
753 10992 798 11034 sunt
809 10996 861 11035 inter
875 10992 964 11049 spurias,
977 10996 998 11032 &
1011 10994 1096 11047 integras
1108 10992 1173 11035 costas

720 11056 774 11094 Tum
785 11051 839 11092 simili
849 11053 909 11090 modo
922 11051 993 11104 juvant
1007 11065 1086 11106 quattus
1100 11057 1119 11094 ὅ(
1132 11051 1173 11092 sert-

719 11125 750 11150 tus
767 11121 792 11148 ex
809 11106 898 11148 musculis
910 11109 993 11147 thoracis
1006 11138 1012 11157 ,
1026 11115 1047 11150 δι
1063 11108 1174 11150 abdominis

719 11165 858 11208 communibus
874 11183 878 11204 :
895 11164 1047 11220 Ergosrhorum
1060 11165 1175 11207 actiocessa-

719 11239 748 11265 ret
756 11254 762 11271 ,
774 11221 839 11265 subitb
850 11221 929 11265 cessaret
937 11226 985 11265 a'e'ris
994 11225 1093 11272 attraciio,
1102 11230 1121 11266 ot
1129 11226 1175 11265 vita.

720 11285 775 11324 Tum
786 11284 858 11338 juvant
867 11284 887 11323 in
898 11282 967 11336 majori
979 11282 1088 11336 indigentia
1099 11296 1136 11337 pio
1146 11298 1176 11323 re-

718 11337 822 11396 spiratione
835 11355 876 11381 non
889 11336 951 11382 solhm
966 11336 1049 11379 musculi
1060 11338 1176 11380 intercosta·

719 11396 758 11444 les,
766 11395 800 11438 sed
806 11412 858 11454 quos
868 11410 984 11438 communes
991 11399 1115 11438 nominamus
1123 11426 1129 11444 ,
1137 11395 1177 11437 sca-

720 11456 813 11510 pulares,
830 11454 941 11498 irritares,
955 11457 975 11493 ἃ
994 11453 1102 11495 abdominis
1118 11470 1123 11492 :
1138 11470 1178 11500 neq

222 11502 303 11543 cedunt.
323 11507 381 11546 Dum
391 11501 542 11555 ascendunt,in
552 11512 676 11558 anteriorem,
691 11525 706 11564 E
719 11527 794 11554 naturae
808 11511 883 11554 solertia
895 11515 914 11552 in
928 11526 957 11551 tot
977 11514 1073 11566 ponendis
1087 11507 1179 11554 musculis

222 11562 242 11599 δὲ
251 11558 381 11614 posteriorem
389 11576 465 11617 partem
473 11565 574 11606 seruntur:
584 11573 631 11607 dum
637 11574 679 11607 dei-

222 11620 324 11668 cendunt,
333 11618 344 11660 a
352 11617 370 11660 se
377 11622 474 11662 recedunt
488 11625 507 11663 in
515 11625 602 11678 priorem
609 11657 615 11674 ,
621 11639 644 11666 ac
650 11628 680 11665 in-

222 11677 315 11717 teriorem
324 11693 401 11734 purtem
409 11676 497 11735 impulsat.

251 11735 389 11779 Numerantur
397 11740 409 11777 ii
416 11734 497 11778 musculi
505 11738 606 11792 octoginta
615 11745 635 11782 δε
643 11754 687 11779 nor·

222 11803 283 11838 vem,
293 11797 425 11851 qnadraginta
433 11799 453 11835 bc
461 11810 557 11850 quatuor,
566 11795 652 11851 quisunt
661 11802 682 11838 in

222 11862 307 11905 utraque
314 11868 379 11909 parte,
389 11867 475 11908 quatuor
482 11857 581 11911 utrimque
588 11856 613 11895 ad
620 11856 681 11896 abdo

221 11919 269 11947 men
276 11909 395 11960 reseruntur,
403 11914 538 11954 conducentes
545 11915 633 11953 etiamad
640 11928 682 11954 mo·

222 11980 267 12008 turn
276 11967 362 12012 thoracis
373 11995 378 12013 :
391 11968 423 12011 sex
436 11974 535 12026 utrimque
545 11972 684 12027 impartiuntur

219 12025 250 12066 ad
264 12024 369 12069 thoracem
382 12032 566 12084 ,trigintaquatuor
580 12030 605 12070 ad
618 12029 685 12085 spatia,

225 12080 321 12140 quaesunt
331 12087 381 12126 iuter
389 12086 460 12128 costas.
474 12090 504 12129 Sic
511 12088 599 12144 plerique
610 12091 685 12131 Anato-

250 12151 252 12153 ’
280 12143 594 12200 merspsrtavtrrrttouisccl-

720 11572 816 11618 daretur,
829 11570 865 11611 nisi
879 11573 925 11626 quia
942 11567 983 11609 hue
996 11568 1074 11610 illorum
1086 11583 1126 11626 ope
1140 11575 1180 11613 vita

721 11630 793 11683 nequit
805 11625 920 11669 conservari.

749 11686 844 11728 Probatur
862 11679 951 11726 secundo
967 11703 972 11724 ·.
988 11686 1034 11730 Sine
1054 11681 1180 11739 respiratione

722 11741 804 11798 repente
816 11740 885 11782 definit
897 11746 950 11788 vita,
962 11756 987 11782 er
998 11741 1106 11784 Aristotele
1116 11750 1181 11791 ,δια

723 11801 802 11843 Galeno
813 11798 864 11850 liha-
874 11801 894 11839 de
904 11803 957 11848 lttts,
970 11812 1008 11852 cap.
1017 11816 1047 11843 io.
1056 11803 1086 11841 lt'b.
1095 11807 1113 11842 6.
1126 11815 1181 11855 ΜΝ.

723 11861 746 11908 (r
755 11876 771 11899 1.
778 11855 886 11908 dediffictlt.
895 11860 973 11913 ttsptttt.
986 11864 1006 11900 ot
1019 11860 1123 11900 confirmat
1133 11872 1182 11913 apo·

724 11917 789 11973 plexit
796 11946 801 11963 ,
809 11918 828 11956 in
836 11930 875 11969 qua
883 11915 895 11956 st
902 11915 985 11957 musculi
996 11915 1081 11959 thoracis
1092 11930 1132 11957 non
1139 11930 1182 11956 mo-

725 11988 797 12017 ventur
805 11972 882 12015 defectu
891 11973 977 12016 iusi-:xus
987 11975 1072 12023 cerebri,
1081 11973 1144 12015 statim
1152 11970 1181 12014 su-

725 12032 815 12090 pervenit
828 12045 881 12072 mors
899 12051 903 12072 :
926 12034 979 12086 Ergo
999 12031 1089 12075 sidetieit
1104 12031 1182 12073 illorum

726 12104 802 12138 morus,
810 12090 893 12146 tepente
903 12091 968 12133 deficit
978 12091 1024 12131 vita.
1175 12087 1194 12097 ¹

991 12150 1029 12204 Q
1118 12146 1185 12190 Proba
