7350 12967
316 8575 401 8648 124
442 8553 444 8555 ’
496 8547 692 8659 Disputl.
721 8552 790 8637 De

305 8674 357 8729 piofi
367 8675 405 8714 cibi
416 8673 460 8730 poll
473 8678 571 8725 inediam,
582 8680 619 8731 ‘qui
628 8682 723 8736 impartiti
736 8696 771 8724 ne
781 8688 800 8731 A
813 8698 838 8725 ex
852 8698 928 8728 retento
940 8688 1058 8740 menstruo,
1072 8692 1264 8749 putridovescmine,

271 8762 273 8765 ,
305 8734 350 8785 quit
359 8731 387 8773 ob
395 8733 495 8776 reuocatas
503 8738 541 8776 vias
549 8765 555 8781 ,
566 8736 712 8805 &diminutam
720 8742 766 8796 ejus

305 8790 425 8833 coctionem.

362 8962 565 9024 Resotvrro
604 8970 709 9020 XXXI.

305 9064 386 9110 Utrum
399 9063 427 9112 ab
439 9070 494 9112 uteri
506 9062 620 9118 affectibus
635 9070 704 9139 possit
714 9074 762 9124 fieri

436 9152 497 9184 mors
511 9146 633 9208 repentina.

489 9254 528 9298 ',§.
560 9253 575 9293 Ι,

325 9337 354 9370 De
367 9342 430 9377 utero,
442 9334 469 9381 ό*
475 9341 533 9379 variis
543 9343 582 9394 ejus
589 9338 741 9397 symptomatibus.

341 9483 408 9525 gratur
420 9474 470 9517 verb
484 9481 504 9518 in
517 9478 551 9521 luo
565 9478 611 9523 sexu
627 9497 663 9538 pet
677 9501 760 9528 uterum.

303 9526 336 9568 Est
350 9544 418 9571 uterus
437 9546 480 9587 pars
492 9542 586 9593 organica
599 9542 620 9580 in
630 9539 712 9583 foemina
724 9547 760 9585 o‘e-

302 9581 371 9629 stinata
383 9603 419 9643 pro
429 9590 488 9633 foetus
500 9599 640 9650 generatione,
653 9606 673 9642 δέ
681 9602 760 9655 adalios

303 9639 353 9683 usus.
376 9644 431 9688 Licet
446 9664 512 9691 autem
526 9653 593 9708 plures
611 9653 697 9697 foeminis
711 9673 761 9701 con·

301 9696 351 9741 ferat
365 9704 462 9753 utilitates,
469 9712 531 9749 varios
541 9725 607 9751 tameu
617 9715 666 9767 parit
675 9716 762 9767 morbos,

301 9760 336 9809 qui
350 9762 438 9802 maxime
452 9764 535 9805 lethales
554 9765 598 9810 sunt
614 9798 619 9815 ‚
638 9776 658 9813 &
673 9771 760 9817 multum

299 9811 397 9858 differunt
409 9817 420 9859 al
433 9822 505 9863 morbis
515 9826 618 9874 virorum,
630 9829 730 9885 praecipuis
739 9837 760 9875 in

301 9875 403 9914 curatione
417 9895 421 9915 ι
436 9884 492 9934 quod
501 9883 560 9924 <locet
568 9885 700 9940 Hippocrates
709 9891 761 9932 uui.

300 9928 322 9968 de
332 9931 386 9971 mori.
395 9940 501 9982 mulierum,
519 9947 534 9991 ς,
548 9942 631 9982 Murrum
642 9949 688 9984 enim
698 9947 718 9986 di
732 9962 760 9990 ert

300 9989 414 10031 muliebrium
425 9997 521 10037 morborum
532 10027 536 10041 ‚
552 10001 574 10047 ό·
588 10004 671 10042 virilium
682 10010 758 10046 curario.

300 10044 386 10090 Constat
396 10052 486 10095 mulieres
499 10056 571 10097 multos
583 10057 636 10113 polle
651 10066 691 10116 pati
705 10079 758 10106 mor·
767 10060 790 10101 C

300 10101 336 10143 bos
349 10107 434 10149 diversos
449 10109 460 10152 ri
475 10113 547 10154 morbis
561 10117 660 10167 virorum,
670 10132 758 10172 quorum

300 10159 333 10201 alii
346 10192 351 10208 ,
368 10179 389 10204 ut
403 10179 474 10210 tenent
489 10172 579 10222 Juuiotes
593 10203 600 10221 ‚
616 10179 758 10229 proveniunt&

285 10218 287 10221 ’
300 10218 348 10260 vafis
358 10226 406 10263 uteri
415 10224 467 10267 malit
474 10226 559 10278 affectis,
568 10231 688 10280 urclorofis,
699 10250 757 10278 men-

299 10274 348 10318 sium
360 10274 478 10338 suppresso,
491 10285 557 10328 fluxus
568 10290 695 10338 immodicus,
706 10292 757 10335 fluo-

280 10360 281 10363 =
299 10347 330 10373 res
342 10333 380 10378 albi
392 10366 397 10383 2
411 10339 443 10381 seu
457 10343 509 10385 fluor
522 10345 636 10396 muliebris,
649 10348 703 10390 furor
711 10366 757 10392 ute-

299 10392 355 10434 rinus
366 10425 371 10443 ,
384 10394 483 10451 hysterica
496 10401 559 10458 paffio.
580 10404 621 10445 Alii
634 10409 723 10450 oriuntur
731 10409 757 10451 ab

299 10447 342 10502 ipso
353 10458 403 10495 uteri
410 10470 546 10514 corpore,aut
558 10464 642 10505 cavitate
653 10470 757 10509 contineri·
773 10484 780 10505 1

299 10520 326 10546 te·
333 10508 426 10553 humores
437 10543 442 10559 ,
453 10530 474 10556 ut
485 10516 613 10561 inflammatio
622 10549 627 10567 ,
637 10520 704 10574 ulcus,
711 10524 756 10566 scir-

299 10564 362 10614 rbus,
371 10582 454 10620 cancer,
464 10586 581 10629 gangrena,
590 10576 709 10634 sphacxlus,
719 10583 757 10637 hy-

299 10621 360 10679 drops
377 10632 442 10677 uteri,
456 10635 591 10685 procidentia,
601 10635 693 10680 clausura.
716 10642 756 10683 Alii

298 10674 344 10720 funt
361 10681 441 10727 affectus
455 10690 586 10744 impedientes
600 10699 756 10748 generationem,

299 10740 450 10796 graviditatem,
461 10758 549 10799 partum,
560 10764 580 10790 ut
593 10749 677 10793 slerilitas
685 10784 690 10801 ,
699 10769 752 10797 mor·

299 10792 318 10834 bi
328 10802 393 10845 acuti,
406 10806 426 10842 &
436 10809 579 10858 praegnantium
593 10808 755 10859 chronici,abot·

298 10848 342 10901 sus,
356 10868 421 10910 partus
436 10860 520 10904 difficilis
528 10895 532 10908 ,
541 10863 600 10906 fmus
610 10882 699 10909 mortuus
710 10903 715 10920 ,
726 10868 755 10912 se-

298 10913 389 10955 cundinae
401 10932 481 10960 reteniat
494 10949 498 10965 ‚
514 10921 578 10964 fluxus
590 10922 701 10968 lochiorum
715 10930 753 10970 im-

273 10981 278 10988 *
299 10971 406 11021 modicus,
422 10973 526 11032 supprcrsto
536 10979 665 11029 lochioruua,
679 10999 754 11032 tortura

299 11020 377 11080 ipartu
388 11060 393 11077 ,
406 11036 441 11087 qui
455 11049 523 11078 omncs
540 11037 587 11080 licite
600 11037 680 11083 salutem
692 11044 751 11088 aufe-

298 11096 353 11132 rant,
362 11089 382 11126 &
394 11088 485 11147 plerique
497 11107 569 11150 magna
578 11110 603 11137 cx
615 11113 669 11154 parte
681 11102 752 11156 paula-

299 11138 345 11182 une
352 11159 437 11189 mortem
448 11150 526 11193 valeant
534 11153 626 11205 causare,
636 11173 752 11203 nontamen

299 11212 338 11239 tam
350 11197 394 11245 sunt
411 11206 473 11262 hujus
491 11209 593 11261 instituti,
609 11212 670 11270 quaint
685 11215 751 11265 subse-

298 11267 386 11310 quentes.

329 11315 382 11358 luter
395 11320 474 11363 morbos
490 11324 593 11374 lethales,
612 11331 632 11368 &
651 11329 662 11372 ὲ
677 11334 751 11390 quibus

298 11377 390 11418 ex'utero
402 11377 449 11421 solet
459 11386 575 11438 contingere
585 11397 637 11426 mors
647 11395 751 11446 repentina

298 11442 380 11485 propter
392 11440 500 11480 maximum
511 11438 632 11484 consortium
644 11452 692 11489 uteri
706 11465 753 11491 cum
766 11455 781 11495 E

299 11490 384 11541 partibus
395 11496 530 11552 principibus,
541 11496 570 11539 est
580 11504 631 11541 uteri
643 11502 753 11559 strangula-

298 11556 345 11592 tus,
358 11547 389 11603 seu
403 11551 497 11609 hysterica
506 11557 576 11612 pallio,
587 11566 678 11604 autntcri
691 11562 753 11610 suffo-

298 11604 349 11642 catio
360 11633 366 11651 ,
377 11604 409 11651 seu
421 11609 493 11652 ablatio
503 11612 671 11671 respirationisex
680 11638 751 11671 utero,

299 11672 344 11713 quat
352 11676 375 11702 cx
387 11668 447 11710 Paulo
459 11669 492 11709 lib.
500 11687 516 11723 3.
529 11677 582 11725 cupit.
592 11689 612 11725 7.
626 11674 654 11717 est
664 11683 713 11721 uteri
725 11685 751 11728 ad

295 11713 393 11775 superiora
404 11723 490 11769 recursus
500 11759 504 11774 .
517 11730 547 11779 trel
558 11742 631 11785 magna
643 11733 750 11792 respiratio

297 11778 326 11814 nis
340 11775 424 11821 offensio
438 11799 484 11825 cum
499 11791 584 11843 corporis
595 11789 750 11847 refrigerarione,

294 11846 321 11873 ex
332 11840 433 11890 uterivitio
444 11871 449 11888 ,
461 11845 491 11884 vel
504 11850 552 11887 uteri
564 11844 629 11888 versus
639 11853 748 11910 diaphrag-
778 11881 786 11888 -f

292 11905 325 11933 ma
338 11920 343 11937 ,
358 11902 392 11936 'aut
404 11896 517 11944 alterutrum
531 11905 580 11945 larus
593 11910 683 11949 terrimo
700 11927 748 11957 cum

292 11950 391 12002 emissione
406 11956 520 12010 qualitatis,
538 11958 571 12002 seu
587 11960 695 12009 substantia
711 11986 747 12019 ve-

287 12010 368 12068 nenosae
387 12016 414 12056 ad
434 12028 511 12071 partem
528 12019 613 12076 aliquam
632 12029 746 12085 principem

302 9413 425 9517 FOemina
435 9416 465 9458 est
476 9433 520 9475 quac
528 9424 548 9463 in
563 9420 582 9463 se
594 9436 677 9479 generat
688 9444 694 9473 5
709 9431 760 9470 inte·
775 9417 791 9456 Β

802 8552 1130 8650 Vita‚&Morte.
1155 8619 1159 8629 f

805 8741 838 8782 vel
858 8748 953 8799 quopiam
972 8746 1011 8788 alio
1026 8749 1120 8793 humore·
1142 8753 1190 8793 Hoc
1204 8761 1264 8798 mari-

804 8812 860 8839 mum
872 8816 1017 8845 nocumentum
1027 8813 1118 8860 provenit
1126 8823 1206 8865 propter
1215 8826 1263 8855 con·

803 8855 880 8898 sensum
896 8861 946 8900 uteri
967 8876 1014 8903 cum
1031 8866 1116 8919 partibus
1132 8869 1263 8924 principibus,

803 8928 848 8954 cum
862 8916 944 8957 cerebro
955 8932 991 8974 per
1005 8918 1065 8976 spinae
1077 8926 1201 8965 membranas
1215 8956 1221 8974 ,
1238 8943 1262 8969 ac

803 8985 840 9027 per
853 8987 926 9015 nervos
938 9005 944 9022 ,
958 8991 1003 9028 cum
1013 8981 1081 9034 jecore
1090 8982 1222 9024 mediantibus
1229 9000 1262 9025 ve-

802 9030 848 9075 nis,
858 9044 905 9071 cum
918 9035 978 9074 corde
993 9050 1028 9091 per
1039 9042 1115 9079 arterias
1128 9068 1133 9085 ,
1145 9055 1192 9081 cum
1204 9042 1260 9083 veffi-

801 9100 840 9135 ca,
855 9093 874 9129 &
887 9089 980 9132 intestinis
996 9096 1094 9137 vicinitate
1106 9127 1112 9145 ,
1123 9112 1170 9138 cum
1184 9104 1260 9141 ventri-

800 9144 847 9184 culo
861 9159 896 9199 per
912 9144 988 9203 septum
1003 9152 1149 9203 transversum,
1164 9170 1211 9196 cum
1225 9157 1260 9198 lie-

800 9215 828 9241 ne
836 9232 842 9249 ,
851 9206 871 9242 bc
884 9205 980 9259 pulmone
986 9211 1099 9261 vicinitate,
1112 9216 1174 9268 &per
1182 9215 1260 9257 occulta

800 9257 904 9315 spiracula.

830 9318 914 9374 Triplex
925 9319 1037 9365 differentia
1053 9321 1186 9368 suffocationis
1198 9343 1258 9371 atreu-
1271 9339 1272 9343 ’

802 9372 856 9415 ditur
871 9396 875 9417 :
888 9377 949 9420 altera
962 9383 1010 9422 dum
1022 9395 1118 9436 aegrotans
1130 9385 1183 9439 aegt'e
1196 9385 1258 9443 respi-

801 9445 840 9480 rat,
848 9433 927 9488 pulsum
936 9438 996 9479 habet
1005 9454 1099 9495 parvum,
1109 9446 1129 9482 ἅ
1141 9442 1218 9484 sensum
1226 9460 1257 9486 re-

801 9491 865 9530 tinet:
879 9493 940 9534 altera
953 9495 981 9536 est
993 9499 1042 9539 dum
1051 9512 1147 9553 apparent
1159 9514 1256 9557 aegrotan-

801 9560 829 9586 tes
843 9552 923 9602 privatae
937 9553 991 9606 pulsu
1002 9585 1007 9602 ,
1019 9561 1039 9596 ὅ(
1049 9555 1209 9611 respiratiouc‚in
1217 9574 1257 9602 me

801 9604 834 9644 dio
842 9607 921 9659 peclore
931 9610 961 9650 illa
968 9610 1053 9654 obscure
1062 9626 1256 9672 apparente‚corpus

800 9674 864 9701 tamen
877 9663 1003 9721 refrigeratur
1016 9687 1020 9709 :
1035 9670 1095 9712 altera
1106 9674 1176 9729 inqua
1189 9689 1257 9730 praeter

799 9718 853 9766 hate,
863 9720 978 9772 brachia&
985 9742 1042 9769 crura
1049 9723 1202 9781 conirahuntur,
1209 9734 1255 9776 clim

799 9777 819 9815 in
834 9779 854 9817 iis
873 9779 1007 9840 lipotlrymiae,
1020 9793 1041 9830 &
1055 9784 1148 9843 fyncopes
1160 9786 1255 9845 superve-

799 9838 865 9883 niam,
879 9841 900 9877 δε
915 9856 966 9882 mors
979 9847 1083 9899 repentina
1096 9844 1185 9903 subsequi
1199 9848 1254 9904 poffit

798 9904 823 9933 cx
836 9896 858 9933 iis
871 9894 978 9942 afferamus.
1134 9904 1136 9906 ’

987 10010 1005 10053 §·
1036 10011 1067 10051 11.

838 10097 868 10131 Ex
884 10098 932 10135 uteri
945 10094 1027 10151 conseufir
1043 10113 1107 10140 mortes
1123 10103 1217 10156 repentine

971 10160 1081 10211 contingunt.

850 10236 984 10286 Esolvendum
993 10279 999 10295 ,
1008 10250 1063 10303 quod
1076 10250 1102 10291 ob
1113 10252 1162 10291 uteri
1173 10250 1253 10294 consen·

849 10294 890 10337 lum
901 10314 946 10341 cum
959 10307 1045 10359 partibus
1054 10308 1175 10363 principibus
1188 10313 1206 10350 in
1216 10311 1253 10365 lry-

795 10351 867 10395 stericis
884 10355 1020 10405 afftuionibus
1042 10363 1090 10421 faepe
1109 10370 1179 10408 accidit
1200 10383 1253 10410 mors

796 10415 904 10468 repentina.

826 10470 922 10516 Probatur
938 10476 1003 10533 printb
1023 10493 1047 10519 ex
1059 10481 1143 10535 plurimis
1160 10482 1253 10536 fcrminis,

796 10540 840 10582 quae
854 10530 874 10567 in
892 10535 1010 10591 syncopem,
1024 10541 1043 10575 &
1057 10554 1140 10580 nuntiem
1152 10555 1252 10596 perveuc‘

795 10599 841 10625 runt
855 10599 880 10625 cx
896 10590 993 10645 byfleritis
1005 10592 1153 10644 affectionibus,
1166 10615 1252 10656 quarum

794 10640 938 10690 observationes
949 10665 1004 10692 terret
1019 10654 1127 10695 Sclrcnlrius
1142 10658 1172 10699 lib,
1183 10678 1201 10712 4,
1218 10661 1250 10701 ubi

795 10713 874 10748 narrat,
894 10704 958 10757 plures
976 10707 1078 10753 suffocatas
1094 10719 1114 10752 in
1132 10711 1251 10772 l'yncopem,

765 10761 786 10801 D
794 10755 818 10798 eb
826 10759 939 10809 devenffe.
956 10783 978 10809 ut
989 10782 1025 10823 pro
1034 10774 1114 10810 mortuis
1127 10773 1197 10813 inuitae
1208 10776 1251 10817 fue-

794 10815 868 10866 rirrrab
882 10822 979 10865 omnibus.
1002 10824 1068 10868 Refert
1080 10829 1105 10868 de
1121 10830 1158 10869 alia
1174 10861 1179 10875 ,
1194 10835 1250 10889 quod

794 10885 841 10914 cum
853 10889 889 10930 pro
901 10893 980 10923 mortua
990 10883 1056 10925 habita
1070 10883 1134 10928 fuisset
1147 10903 1171 10927 er
1186 10889 1250 10935 stran-

793 10929 864 10984 gulatu
876 10941 940 10986 uteri,
956 10942 979 10979 ad
991 10956 1098 10984 anatomen
1111 10946 1208 10996 derisa,
1220 10950 1249 10992 fa-

792 10990 848 11029 moso
858 11005 925 11034 errore
935 10995 994 11039 fuerit
1003 10998 1072 11041 occisa.
1093 11001 1248 11050 Ponticarum.

792 11047 849 11101 musti.
864 11064 896 11099 90¹
915 11052 1001 11098 observat
1016 11055 1132 11101 suffocatam
1148 11076 1172 11102 ex
1192 11081 1249 11107 utero

793 11118 854 11162 prope
869 11108 954 11153 mortem
970 11115 996 11155 ob
1009 11112 1116 11173 syncopem
1131 11122 1249 11175 pervenisse.

793 11165 909 11212 Scbeukius
918 11184 943 11209 cx
954 11170 1032 11214 Vesalio
1046 11190 1109 11217 narrat
1120 11177 1168 11217 duas
1182 11178 1248 11223 fitemi-

789 11236 827 11263 ‘nas
836 11237 861 11264 ex
869 11228 919 11268 uteri
925 11226 1055 11273 suffocatione
1062 11233 1143 11289 repente
1153 11239 1247 11280 extinctas

792 11278 818 11320 ob
827 11295 923 11324 croceum
935 11287 1041 11330 humorem
1054 11305 1152 11346 repertum
1163 11295 1185 11353 in
1197 11296 1248 11338 alre-

792 11352 814 11378 ro
820 11337 897 11380 testium
907 11358 914 11386 i
924 11344 1010 11393 &aliam
1022 11346 1047 11389 fic
1054 11349 1248 11404 repenreexuneram

792 11394 819 11434 ob
835 11396 1015 11445 rumoremd'cxrri
1032 11404 1114 11448 resticuli
1130 11408 1184 11466 pleni
1199 11412 1247 11467 pilis.

796 11454 882 11508 Tyrillus
895 11459 945 11500 vidit
958 11462 1057 11516 quandam
1070 11465 1134 11508 civem
1149 11470 1247 11511 Veneram

793 11509 877 11566 repenti:
889 11529 987 11564 mortuam
998 11520 1137 11576 praefocatione
1152 11525 1248 11582 hysterica

790 11583 833 11611 orta
840 11584 866 11610 cx
874 11568 946 11615 semiue
954 11592 1038 11619 retento.

821 11627 918 11672 Probatur
924 11625 1010 11686 ieiunio
1024 11639 1098 11679 :Nam
1110 11653 1136 11679 ex
1145 11638 1246 11698 sanguine,

790 11690 811 11727 &
824 11683 899 11729 semine
911 11691 930 11731 in
941 11706 996 11734 utero
1009 11699 1104 11749 corruptis
1114 11728 1120 11743 ,
1130 11697 1196 11741 aliisve
1209 11702 1246 11743 hu-

790 11743 877 11785 moribus
889 11747 910 11793 in
923 11763 1002 11792 uterum
1013 11751 1121 11795 transmiffis
1131 11787 1136 11802 ‚
1148 11759 1168 11795 bc
1179 11772 1246 11811 putre·

790 11798 844 11842 faerit
859 11800 971 11859 supervenit
982 11805 1085 11859 suffocatio
1095 11843 1101 11859 ,
1112 11827 1186 11869 etqua
1197 11816 1246 11859 laedi·

789 11873 820 11899 tur
833 11859 944 11918 respirari0,
959 11881 994 11907 aut
1005 11867 1093 11915 aboletur
1102 11900 1106 11912 ,
1115 11885 1154 11911 vor
1165 11875 1246 11928 interci-

788 11920 849 11971 pitur,
857 11935 929 11976 eorpus
935 11923 1074 11978 refrigeratur,
1082 11926 1148 11981 pulsus
1155 11946 1196 11972 non
1203 11931 1245 11974 sen·

788 11978 846 12021 titur,
856 11992 913 12035 aegrae
922 11983 980 12021 morti
996 11986 1169 12036 approximantur,
1180 11994 1200 12030 ἃ
1214 11988 1244 12032 fa·

786 12047 811 12089 pe
823 12049 910 12089 percunt
921 12070 927 12087 ‚
940 12043 960 12082 bt
974 12036 1040 12095 saepiits
1048 12039 1138 12087 suffocari
1152 12045 1246 12094 sentiunt,

1166 12122 1177 12137 ¹-
1212 12122 1242 12149 no
