7350 12967
327 8578 503 8669 Seellll.
528 8567 1054 8681 DePutredinebesolVl,
1079 8575 1165 8677 χες.
1214 8645 1216 8650 s

513 8738 518 8744 ·
534 8752 664 8765 „-
678 8706 832 8759 Aboblubri,
848 8710 921 8762 inquo
937 8713 972 8761 per
986 8707 1056 8750 eadem
1075 8696 1170 8766 tempori

217 8754 529 8771 ffl-

708 8781 805 8825 apparent
816 8766 911 8808 coctionis
923 8762 977 8820 signa
987 8766 1008 8804 in
1018 8767 1090 8806 ‘urinis

308 8812 505 8857 Rusotvtto
540 8809 561 8853 V
576 8811 591 8855 l.

739 8826 830 8867 Secunda
836 8826 905 8880 opinio
912 8820 997 8862 admittit
1005 8851 1011 8868 ,
1020 8819 1076 8861 simul
1088 8823 1170 8864 <luricu-

708 8882 821 8930 emnem&
828 8880 956 8937 putredinem
967 8880 987 8918 in
995 8875 1051 8919 febre
1059 8875 1126 8920 salubri
1133 8884 1170 8935 pes

707 8954 773 8983 totum
782 8941 846 8981 morbi
861 8933 968 8988 decursum
979 8964 985 8982 ,
998 8936 1049 8976 dnm
1060 8931 1121 8974 servat
1129 8949 1169 8978 man

693 8994 695 8998 ’
708 9000 763 9037 terite
775 8999 926 9039 evacuationem
933 8994 959 9035 ad
967 9007 1028 9034 unam
1040 8992 1127 9031 criticam
1134 8993 1168 9032 ciri

708 9053 830 9108 pulsrouem5
839 9052 870 9095 sed
884 9057 904 9093 in
913 9054 975 9093 modo
987 9048 1107 9091 admittendi
1120 9061 1169 9102 pte„

708 9112 769 9151 diets
777 9110 900 9152 alterationes
912 9106 1007 9150 differunt
1019 9108 1169 9162 juxtaquatuot'

708 9165 864 9223 philosophandi
870 9167 947 9214 modos,
952 9161 1113 9222 quosproposnit
1122 9158 1169 9218 pola

708 9224 771 9266 sibiles
782 9227 866 9266 Gentilis
880 9227 901 9264 in
911 9221 1095 9279 Exrrusuagmtibm,
1112 9233 1129 9275 q.
1136 9228 1167 9273 33:

708 9281 815 9335 cancsufione
826 9300 842 9323 2·
1095 9325 1097 9328 ⁸

264 9343 305 9382 Um
317 9345 394 9389 cossio,
407 9342 523 9398 &putredo
536 9340 573 9382 snt
586 9339 629 9380 duae
640 9337 670 9379 as·
738 9343 812 9382 Primus
824 9333 980 9394 philosophandi
991 9335 1062 9379 modus
1073 9334 1114 9384 est,
1130 9345 1165 9376 coa

266 9399 361 9440 remores
375 9407 481 9443 mixtorum
496 9404 522 9441 ita
534 9405 583 9439 inter
594 9395 611 9436 se
622 9409 671 9436 con·
683 9407 698 9446 Β
711 9398 796 9438 &ionem
810 9403 846 9444 ,bt
860 9395 986 9450 putredinem
998 9391 1035 9436 effe
1049 9391 1167 9436 effusiones

214 8915 293 8959 Utrum
306 8911 361 8959 dum
377 8908 505 8976 putrescunt
523 8909 626 8958 humores
645 8915 668 8957 in

249 8982 330 9029 morbo
336 8979 422 9036 salubrr,
430 8976 494 9028 simul
502 8998 633 9048 coquantur.

412 9104 430 9147 S·
457 9102 471 9141 l.

234 9197 291 9235 Primi
304 9199 398 9250 opinantes
409 9205 481 9248 partem
491 9197 597 9250 negativam
608 9208 647 9235 am-

330 9287 332 9293 ,
386 9256 495 9308 plectamur.

215 9464 288 9504 tracte,
301 9472 322 9497 ut
332 9461 485 9513 percursionem
494 9460 555 9500 mixta
566 9453 671 9510 perfician-
710 9457 760 9495 iuter
776 9452 796 9494 se
810 9451 925 9493 differentes
939 9482 944 9499 ,
956 9456 976 9492 &
991 9453 1109 9497 contrarias,
1118 9451 1167 9492 sicut

215 9529 246 9555 tur
253 9518 274 9555 in
284 9514 319 9555 sno
327 9512 367 9556 esse
376 9520 402 9558 ad
412 9519 499 9573 proprias
509 9516 643 9571 operationes,
650 9516 671 9553 be

168 9580 172 9585 ’
215 9586 251 9627 per
259 9575 386 9628 putredinem
395 9587 560 9630 corrumpantur,
570 9575 590 9611 δι
597 9582 671 9626 prope·

215 9645 260 9671 rent
274 9635 294 9671 in
304 9634 416 9682 interitum,
427 9647 468 9673 non
480 9629 533 9687 posse
544 9628 599 9670 simul
613 9640 671 9668 com-

215 9691 256 9747 pati
272 9692 352 9730 videtur
366 9693 434 9732 rationi
449 9686 574 9733 consonum,
587 9687 633 9728 clim
645 9697 671 9724 ex

214 9748 252 9785 alia
262 9749 373 9799 partednrn
385 9749 478 9788 humores
490 9743 603 9801 putrescunt
609 9746 630 9784 in
636 9757 671 9783 uo-

215 9801 255 9841 stro
267 9817 368 9857 corpore,
387 9805 442 9846 fimul
456 9816 565 9860 appareant
581 9805 601 9842 in
618 9799 670 9842 sedi-

216 9873 283 9900 mento
296 9864 318 9900 iu
330 9862 401 9903 morbo
418 9861 490 9903 salubri
501 9860 554 9916 signs
568 9859 671 9905 torsionis,

215 9930 260 9971 quae
274 9917 374 9971 perficitur
386 9925 406 9960 in
418 9917 475 9960 causa
485 9917 599 9961 morbifict,
614 9920 635 9955 bl
646 9916 669 9956 ft¹

216 9974 258 10015 mul
273 9974 295 10014 sit
308 9975 370 10016 febris
382 9981 402 10018 in
414 9975 447 10017 sna
464 9976 535 10029 majori
552 9973 671 10019 intensione,

216 10030 330 10085 quae'oritnr
342 10048 369 10073 ex
386 10034 495 10076 intensione
508 10032 620 10086 pntrcdlnss·
641 10031 672 10071 Ex

710 9510 778 9552 album
790 9542 795 9559 ,
809 9517 829 9555 δι
840 9513 920 9565 nigrum
932 9525 938 9553 5
951 9511 971 9547 bc
985 9509 1041 9560 quod
1053 9505 1131 9563 possunt
1142 9508 1166 9548 fi·

710 9569 752 9609 mul
765 9570 871 9624 reperirint
882 9566 954 9606 eodem
961 9563 1047 9605 subicere
1060 9593 1065 9611 ‚
1080 9563 1126 9606 sicut
1134 9579 1166 9606 re-

709 9624 763 9681 liqua
777 9628 873 9667 contraria
884 9625 905 9664 in
919 9622 1012 9677 grudibus
1023 9619 1100 9663 remissis
1113 9637 1167 9663 coma

710 9683 821 9737 patibilibus
832 9714 838 9732 ,
850 9698 873 9725 ut
881 9693 962 9736 apparet
970 9682 991 9721 in
1006 9678 1094 9735 frigore,
1105 9682 1125 9719 bl
1133 9693 1167 9720 cs-

709 9741 756 9781 lore.
1092 9784 1094 9788 ¹

738 9798 778 9840 Sed
795 9796 880 9841 Gentilis
896 9799 917 9838 in
936 9798 976 9838 hoc
994 9793 1067 9851 placito
1084 9793 1119 9837 fibi
1137 9793 1167 9837 est

709 9859 818 9898 contrarius
830 9872 836 9902 5
849 9869 904 9897 tenet
913 9856 967 9896 enim
978 9885 983 9902 ,
995 9853 1050 9908 quod
1063 9855 1167 9899 cossim&

710 9914 794 9969 putredo
806 9912 913 9954 consistunt
923 9914 942 9951 in
953 9914 1040 9957 unione,
1049 9912 1069 9949 bt
1080 9910 1168 9950 deunio-

711 9985 737 10011 ue
753 9973 814 10026 aquei
831 9984 878 10010 cum
893 9981 959 10014 terreo
971 9983 977 10011 5
990 9972 1012 10009 δε
1024 9963 1167 10021 cousequenter

712 10026 747 10068 stat
756 10041 825 10068 contra
833 10027 887 10068 illum
900 10056 906 10073 ,
920 10026 976 10078 quod
988 10024 1053 10063 coeio
1069 10029 1089 10065 δι
1100 10037 1168 10077 putre·-

216 10091 287 10142 quibus
300 10094 424 10136 convincitur
439 10091 512 10146 ,quod
530 10088 584 10129 sirnul
599 10088 672 10129 dantur
684 10087 738 10144 cdo
752 10083 796 10126 sunt
806 10085 847 10125 duo
860 10096 926 10124 motus
939 10083 1030 10122 contrarii
1041 10079 1111 10120 locales
1123 10095 1169 10137 par-

215 10151 278 10190 coelio
292 10155 312 10190 ss:
329 10152 414 10204 putredo
428 10154 479 10190 circa.
493 10145 570 10187 causam
586 10145 672 10187 morbifi-
712 10141 921 10183 tiumelementalium
936 10168 942 10185 ,
958 10152 1002 10193 quae
1022 10134 1066 10178 sunt
1080 10137 1169 10193 opposta
1231 10186 1232 10189 Ἴ

215 10217 265 10246 cam.
279 10209 334 10248 Hinc
350 10210 399 10248 iuter
414 10209 505 10248 Metricos
518 10206 578 10257 coepit
591 10216 671 10243 coutro—
712 10200 798 10256 patibilia
813 10216 817 10237 :
834 10201 886 10254 Ergo
899 10196 987 10251 implicat
996 10198 1014 10235 in
1028 10194 1095 10248 aliquo
1106 10197 1170 10250 gradu

216 10264 289 10311 versa,
301 10264 341 10303 aliis
352 10266 477 10318 negantibus,
484 10263 539 10317 quod
550 10260 646 10308 simul,&
654 10263 675 10300 in
712 10255 765 10313 posse
778 10257 834 10298 simul
850 10257 943 10310 compati.
968 10255 1025 10301 Patet
1042 10255 1170 10299 antecederet

216 10322 289 10361 eodem
301 10336 391 10375 tempore
403 10326 422 10363 in
431 10322 520 10363 febribus
534 10318 615 10374 putridis
630 10318 671 10358 bu·
710 10329 755 10355 nam
770 10315 834 10355 coelio
846 10312 872 10354 est
884 10314 931 10353 unio
939 10309 1170 10363 miseibiliurn,purredo

216 10378 322 10419 moralibus
341 10379 447 10421 salubribus
462 10377 531 10434 posfint
544 10374 599 10416 simul
612 10388 676 10430 repe·¹
711 10370 760 10414 verb
770 10372 877 10414 earundem
889 10371 974 10424 partium
986 10370 1072 10413 deunio,
1085 10381 1107 10408 ut
1117 10377 1171 10422 paret
1202 10370 1204 10381 '¹

216 10437 249 10474 riri
257 10437 332 10485 cottio,
342 10440 363 10477 δὲ
372 10439 467 10492 putredo5
479 10434 520 10476 aliis
531 10435 551 10475 id
560 10431 672 10474 constanter
712 10444 737 10470 ex
750 10431 805 10472 dietis
818 10446 823 10468 t
838 10431 890 10483 Ergo
903 10424 948 10467 suut
964 10427 1005 10466 duo
1014 10437 1086 10479 'motus
1098 10423 1169 10466 locales

216 10490 363 10535 affirmantibus.
713 10490 805 10529 contrarii
814 10487 963 10528 earundemruet
973 10484 1069 10538 partium,
1082 10495 1126 10536 quae
1135 10495 1170 10537 per

246 10553 298 10607 lnter
310 10565 404 10606 negantes
416 10547 525 10591 Turisunns
533 10547 552 10588 se
560 10548 640 10604 expedit
648 10547 675 10590 sb
713 10559 776 10586 unum
790 10557 896 10585 moventur
916 10538 927 10579 ὲ
946 10539 1131 10595 partibusexternis
1144 10539 1182 10580 ad

216 10605 256 10648 bae
270 10607 384 10651 difficultate
397 10607 499 10649 discedens
513 10607 539 10648 ab
550 10605 582 10647 illa
600 10621 606 10649 5
619 10620 675 10647 tenet
713 10604 797 10644 internas
808 10633 814 10652 ,
825 10616 859 10656 per
872 10598 932 10642 alium
943 10596 968 10638 ab
979 10597 1058 10638 internis
1067 10596 1093 10636 ad
1102 10609 1170 10637 euter-

216 10667 283 10712 enlm,
294 10668 350 10721 quod
361 10670 436 10711 coeio,
449 10672 469 10708 δέ
481 10666 567 10720 putredo
580 10666 599 10704 in
611 10662 674 10704 febri·
713 10674 748 10701 nas
762 10691 768 10708 ,
783 10672 877 10714 tanquam
889 10658 909 10696 in
922 10657 1027 10696 contrarias
1042 10652 1169 10695 ubicationest

216 10719 254 10762 bns
265 10724 346 10778 putridis
365 10739 407 10764 non
426 10723 475 10764 siunt
492 10721 548 10762 simul
566 10722 586 10760 in
602 10722 674 10762 eodem
714 10719 768 10771 quod
780 10713 863 10757 omninb
877 10712 968 10768 implicat.

216 10794 306 10836 tempore
313 10811 319 10828 ,
326 10780 387 10823 sedin
398 10780 477 10821 diversis
483 10779 603 10835 temporibus
611 10798 615 10823 5
624 10792 672 10820 nam
680 10798 701 10840 D
742 10772 838 10817 Probatur
849 10766 940 10815 serundo
952 10790 957 10812 ι
967 10769 1024 10812 ldem
1030 10766 1103 10810 mobile
1112 10766 1170 10810 fimul

216 10838 237 10878 iu
251 10853 342 10895 tempore
356 10839 496 10885 neutralitatis,
509 10844 530 10880 δι
541 10842 560 10878 in
575 10837 673 10893 principio
715 10836 736 10873 be
749 10835 769 10873 in
777 10832 850 10873 eodem
859 10840 949 10884 tempore
961 10841 996 10882 per
1006 10828 1113 10867 contrarios
1123 10840 1170 10866 rno-

217 10896 280 10937 morbi
291 10910 346 10938 tenet
358 10897 399 10938 fieri
410 10897 549 10952 putredinem,
558 10898 578 10936 in
590 10893 673 10948 reliquis
713 10906 745 10932 tus
753 10888 826 10931 locales
838 10888 969 10945 approximari
978 10882 1045 10930 simul,
1056 10886 1077 10923 be
1088 10880 1172 10939 separari

217 10951 265 10994 verb
278 10955 400 11010 temporibus
409 10953 472 10996 morbi
485 10951 544 10994 solani
557 10952 674 10996 cosiionern.
714 10948 803 11004 respersu
814 10950 854 10988 eius
863 10944 940 10986 termini
952 10941 1053 10997 implicat:
1066 10941 1104 10982 Sed
1115 10941 1130 10982 st
1142 10943 1169 10982 si-

218 11011 274 11052 Huic
286 11018 347 11053 modo
363 11011 515 11068 philosophandi
533 11011 635 11052 adhaerere
649 11013 675 11052 vi·
714 11005 756 11048 mul
763 11009 815 11046 eirca
821 11018 852 11047 eas
862 11013 927 11058 partes
934 10998 990 11040 fieret
996 10997 1059 11040 roffio
1068 11002 1172 11052 perusina

218 11067 276 11108 detur
291 11070 406 11111 Ambrofius
422 11071 543 11122 Henriquez
556 11068 636 11110 tradatu
649 11067 676 11108 de
715 11079 762 11104 nem
774 11092 780 11110 ‚
792 11068 812 11105 δι
826 11058 910 11117 putredo
921 11069 956 11112 per
971 11058 1113 11105 deuniouem,
1129 11057 1170 11097 hoc

218 11128 324 11178 costione,
332 11132 352 11168 et
360 11130 469 11184 putredine,
477 11129 512 11181 qui
521 11125 676 11180 affirmat,quod
715 11118 760 11163 esset
774 11118 919 11160 admittendum
932 11133 936 11155 :
951 11115 1003 11170 Ergo
1013 11110 1095 11154 admisso
1112 11113 1172 11168 quod

218 11185 282 11225 rouro
292 11192 313 11229 ἃ
326 11189 412 11242 putredo
423 11191 443 11227 in
455 11182 544 11225 r'ebribus
557 11182 635 11227 fiuntin
646 11182 676 11222 di·
715 11179 778 11220 coctio
791 11175 860 11218 stetin
875 11176 964 11220 unione,
978 11177 998 11213 be
1010 11171 1094 11227 putredo
1106 11173 1126 11210 iu
1139 11170 1172 11212 se-

219 11243 276 11283 verfis
287 11245 408 11298 temporibus
418 11260 424 11288 5
440 11239 505 11283 differt
516 11255 581 11284 tamen
592 11238 603 11281 ὲ
614 11241 675 11280 Turi·
716 11237 817 11292 paratione
826 11231 958 11277 miscibilium,
965 11229 1005 11271 ralis
1014 11225 1173 11285 philosophandi

218 11294 264 11342 suun
273 11305 292 11341 in
304 11302 340 11341 iilis
353 11303 470 11358 albgaandis
479 11314 536 11340 :nam
544 11302 591 11342 dicit
601 11331 607 11348 ,
617 11296 674 11353 quod
715 11296 784 11337 modus
791 11294 873 11334 omnino
887 11300 991 11344 repugnat

218 11355 242 11398 fit
255 11362 275 11401 in
286 11362 382 11414 principio
394 11390 399 11406 ,
410 11365 429 11401 in
439 11371 566 11413 ungentum,
579 11361 600 11397 be
611 11360 675 11412 usque

218 11416 243 11456 ad
261 11418 352 11458 ultimam
365 11431 441 11473 purtem
459 11416 518 11457 status
540 11416 635 11471 putredo,
648 11413 674 11453 ab

181 11491 182 11494 ¹
219 11473 285 11516 ultima
305 11472 353 11516 verb
370 11489 426 11531 parte
447 11474 506 11516 status
526 11475 615 11530 incipere
638 11461 702 11512 co-E

219 11532 311 11575 clionem.

745 11350 847 11394 Secundus
859 11348 932 11389 modus
945 11342 1100 11399 Philosophandi
1114 11344 1172 11388 Gen·

716 11409 753 11452 tilis
765 11408 811 11454 est,
826 11407 881 11463 quod
896 11405 975 11450 cottio,
990 11405 1010 11442 ὅ(
1027 11402 1113 11457 putredo
1129 11416 1173 11444 non

715 11466 759 11510 suut
769 11468 867 11508 contraria
877 11478 883 11508 5
894 11468 914 11504 et
922 11460 967 11501 ideo
977 11456 1058 11516 possunt
1068 11458 1125 11500 fimus
1133 11454 1173 11499 esse

714 11529 735 11567 in
747 11527 819 11566 eadem
829 11523 925 11566 materia,
936 11516 986 11560 ficut
994 11516 1048 11558 calor
1059 11519 1080 11556 ὅῑ
1090 11519 1174 11571 quanti·

249 11593 288 11634 Sed
302 11595 314 11632 ii
326 11589 427 11630 Autbores
438 11604 478 11630 non
493 11585 613 11643 respondent
626 11584 675 11626 diffi-
714 11598 748 11626 ras.
771 11585 827 11624 Huic
844 11580 931 11621 adbaeret
947 11575 1049 11617 Carteirus
1070 11575 1126 11628 quast.
1140 11590 1172 11617 ης

219 11649 300 11695 culpati,
312 11649 325 11689 si
337 11652 391 11689 enim
404 11648 431 11689 est
443 11644 675 11700 manifellumexpericn-
709 11639 766 11697 super
772 11639 831 11693 fem*
839 11639 862 11680 Et
869 11636 923 11679 addit
933 11632 990 11688 quod
999 11631 1044 11674 licet
1050 11628 1114 11674 esseut
1125 11646 1175 11673 cons

219 11709 246 11750 tii
259 11739 264 11756 ,
276 11707 332 11754 ouod
344 11720 456 11762 pestutum
468 11703 549 11748 morbi,
569 11701 603 11744 seu
615 11700 675 11742 febris
715 11701 784 11743 traria,
798 11694 873 11752 possent
884 11707 950 11735 tamen
959 11690 1016 11731 fimul
1028 11686 1069 11731 effe
1079 11693 1100 11731 in
1108 11691 1173 11745 gradi-

219 11755 300 11820 putricsae
311 11762 416 11807 decursum
431 11775 533 11820 permanet
545 11759 602 11804 febris
615 11762 675 11813 putri·
715 11757 752 11798 bus
761 11754 853 11799 ternisfis5
867 11750 950 11805 &quod
961 11751 1025 11790 coeio
1037 11776 1043 11795 ‚
1056 11752 1077 11788 be
1090 11746 1174 11804 putredo·

220 11826 259 11871 da,
268 11831 289 11867 ὅ(
301 11825 343 11865 sire
356 11826 418 11864 oritur
428 11837 453 11862 ex
464 11819 567 11876 putredine
577 11818 675 11858 humoris:
717 11814 762 11857 sunt
769 11815 814 11854 duae
823 11809 913 11854 secunde
920 11805 1025 11863 qualitates
1031 11808 1083 11848 inter
1093 11805 1112 11847 se
1119 11817 1175 11849 oom-

219 11895 268 11936 ergo
280 11880 382 11923 manifeste
396 11882 509 11922 convincit,
521 11876 578 11928 quod
591 11889 627 11930 per
635 11889 678 11916 om·
717 11870 806 11930 patibiles
817 11868 873 11912 simul
884 11872 935 11908 circa
946 11866 1002 11906 idem
1010 11863 1125 11908 subiectum,

220 11943 253 11982 nia
262 11939 323 11980 morbi
331 11954 420 11993 tempora
433 11938 454 11979 fit
463 11935 562 11991 putredo,
576 11937 596 11975 &
604 11947 630 11972 ex
638 11932 678 11974 boc
747 11930 786 11978 Sd
797 11925 884 11985 displicet
890 11925 923 11965 bic
935 11920 1093 11980 philosophandi
1101 11917 1177 11963 modus

221 11995 360 12053 praesuppofito
371 11997 483 12053 supervenit
493 11992 641 12037 difficulttsmn
652 12006 680 12032 ta-
719 11992 774 12031 Tum
787 11986 835 12039 quia
847 11985 911 12028 cottio
931 11980 1016 12023 involvit
1030 11979 1178 12036 acquistionem
1205 12005 1206 12011 1

218 12054 243 12100 lis
252 12054 339 12113 putredo
347 12054 370 12094 sit
380 12054 436 12097 simul
445 12068 492 12096 eum
504 12053 594 12098 coclione
602 12052 622 12091 in
628 12064 679 12096 mor·
691 12066 693 12068 >
719 12044 859 12105 perseslioms,
866 12060 887 12086 ut
897 12055 923 12085 cx
935 12038 1040 12085 Aristotele
1048 12037 1132 12081 admittit
1138 12032 1179 12088 ipse

265 12106 598 12168 persp-maromontem.
1011 12101 1053 12138 Aa
1137 12092 1180 12158 cas
