7350 12967
301 8611 383 8691 150
409 8585 578 8701 Displl.
603 8593 675 8676 De·
687 8593 1186 8712 Minorproprietatiutsrc.

292 8718 337 8752 tum
342 8726 379 8768 pro
385 8712 419 8758 sua
426 8718 561 8766 torvitate&
574 8717 752 8777 sufficitignisiaut
764 8732 783 8772 A

295 8782 317 8808 ut
324 8770 401 8823 praestet
408 8778 510 8816 materiam
520 8776 631 8831 proillo,&
639 8778 708 8822 sufficit
716 8798 754 8824 ter-

295 8838 321 8864 ra·
334 8828 468 8886 Hippocrates
476 8832 505 8872 ub.
512 8838 607 8876 denatura
614 8837 694 8879 humana
704 8868 710 8885 ,
719 8842 755 8882 de·

295 8883 412 8928 monstravit
420 8892 485 8943 omnia
494 8904 576 8945 quatuor
583 8894 679 8937 elementa
687 8902 754 8952 requi-

295 8941 312 8979 ri
320 8954 357 8996 pro
364 8945 453 8999 quolibet
461 8950 573 9001 generando
578 8951 667 9004 perfeeto
673 8956 742 8997 mixto.

326 9000 417 9042 Secunda
428 9005 496 9056 opinio
507 9019 574 9055 tenet,
590 9013 647 9062 quod
656 9011 756 9054 elementa

295 9052 341 9097 sunt
357 9058 378 9098 iri
394 9061 458 9099 mixto
475 9057 583 9107 seeundum
603 9064 646 9107 suas
661 9072 756 9119 materias,

296 9126 338 9152 non
349 9111 456 9159 secundum
474 9114 515 9158 suas
528 9119 601 9162 formas
616 9123 756 9175 substantialen

295 9168 369 9211 formas
382 9186 450 9214 tamen
464 9174 608 9229 elementorum
624 9185 719 9225 contineri
734 9187 756 9226 in

296 9227 362 9267 mixtis
371 9231 479 9286 virtualiter
487 9237 608 9283 eminenter,
615 9253 711 9293 qnatenus
718 9242 756 9283 illas

298 9285 406 9326 virtualiter
418 9292 528 9332 eminenter
535 9295 625 9336 continet
633 9294 695 9339 forma
704 9302 757 9341 mix-

296 9340 312 9379 ti
320 9355 326 9382 5
334 9347 355 9384 &
370 9343 396 9385 ob
410 9345 466 9388 banc
479 9352 623 9393 continentiam
631 9352 698 9397 valent
710 9354 757 9411 pto-

297 9396 371 9456 ducere
383 9417 454 9445 omnes
460 9408 530 9461 primas
535 9408 638 9461 qualitates
646 9441 652 9459 ,
660 9413 756 9468 quaesunt
768 9417 784 9456 B

309 9460 392 9512 proprie
403 9459 554 9504 elementorum.

328 9516 397 9557 Tertia
406 9522 476 9574 opinio
484 9521 513 9562 est
524 9522 607 9563 aliorum
620 9555 626 9571 ,
638 9528 672 9581 qui
682 9541 757 9584 negant

296 9568 370 9613 formas
380 9574 522 9620 elementorum
532 9593 612 9621 manere
620 9587 639 9623 in
648 9587 715 9626 mixtis
724 9594 756 9632 ‚bc

295 9627 354 9683 ssmul
368 9636 503 9686 contendunt,
518 9638 628 9693 quodlicet
640 9654 757 9696 remaneant

295 9689 393 9737 virtutes,
405 9692 536 9747 &qualitates
546 9695 704 9746 elementorum,
714 9715 756 9741 non

297 9742 327 9783 est
334 9744 462 9789 necessarium
468 9781 474 9798 ,
480 9753 538 9804 quod
546 9766 662 9796 remaneant
670 9757 757 9799 elemen-

295 9813 361 9842 torum
375 9808 464 9846 materie.
488 9811 518 9849 Sic
531 9813 634 9852 contendit
645 9812 755 9863 Catienus,

294 9862 315 9899 δι
325 9857 373 9898 illius
381 9859 499 9919 subscriptor
509 9868 644 9915 Mnamoms,
655 9883 696 9913 non
708 9874 755 9928 quia

294 9914 321 9955 ab
333 9915 400 9971 aliquo
415 9919 437 9961 sit
450 9923 595 9976 prilnditlum:
611 9923 644 9967 sed
652 9929 755 9972 Carreirus

295 9971 336 10013 hoc
350 9974 425 10028 profert
437 9978 546 10032 placitum,
560 9997 580 10021 ut
590 9983 675 10026 diximus
688 10000 729 10028 tom.
739 10004 754 10031 r,

295 10044 318 10071 ut
336 10031 397 10087 lingat
415 10035 492 10077 hostem
510 10052 577 10080 contra
596 10055 656 10095 quem
672 10058 755 10101 pugnet,

296 10091 422 10131 contendens
437 10095 493 10149 quod
510 10097 633 10139 admittentes
646 10100 783 10146 clementa-C

294 10143 324 10194 les
342 10147 486 10192 elementorum
501 10166 564 10207 partes
578 10156 693 10207 inmixtis,
706 10158 754 10202 alse-
772 10191 774 10194 v

293 10216 339 10243 rant
354 10208 409 10257 quod
424 10205 469 10249 sunt
482 10211 532 10249 inter
541 10209 558 10251 se
567 10224 680 10266 penetrarat·
692 10220 754 10260 Hanc

293 10260 404 10303 docirinam
413 10261 455 10305 satis
470 10266 586 10320 dn'pntturn
598 10270 711 10324 reliquimus
724 10289 754 10315 to-

294 10332 321 10357 mo
336 10332 350 10357 1.
367 10319 424 10375 Resol.
433 10324 524 10365 Meditor.
533 10323 598 10380 disput.
608 10345 622 10367 r.
630 10326 694 10381 sessi.
708 10346 753 10388 qua:

294 10373 321 10414 rbi
331 10376 446 10427 videanturt
460 10378 522 10424 sollim
536 10386 589 10424 enim
604 10382 637 10425 lile
651 10401 751 10446 propone.

294 10445 345 10480 mus,
353 10448 397 10488 quat
404 10437 429 10477 ad
436 10438 585 10494 intelligentiam
592 10443 687 10490 coclionis
694 10463 752 10492 erunt

294 10488 411 10543 necessaria,
420 10495 446 10536 de
453 10510 493 10553 qua
502 10494 630 10552 disputamus.

314 10695 334 10728 Α
343 10691 399 10732 mitia
412 10693 511 10746 rejicienda
524 10692 587 10748 firme
600 10698 730 10742 alimentorum.

344 10778 476 10824 Esolvendum
490 10783 554 10839 primo
567 10817 572 10833 ‚
586 10790 640 10841 quod
652 10804 693 10831 non
706 10788 752 10832 sunt
763 10783 782 10824 D

343 10839 470 10881 admittenda:
489 10841 556 10884 r'urmae
570 10844 714 10887 elementorum
731 10852 752 10889 in

293 10896 372 10943 mixtis,
384 10898 417 10939 sed
427 10896 468 10938 sola
480 10898 543 10939 forma
551 10898 677 10945 substantialis
685 10909 752 10946 mixta.

294 10954 325 10993 Sic
333 10954 450 11012 protulimus
466 10969 507 10996 totu.
515 10974 528 10998 r.
538 10956 594 11011 ursos.
605 10962 670 11004 Medic,
680 10961 722 11017 disp.
735 10980 751 11005 r.

289 11008 334 11063 seii-
339 11031 354 11053 2·
371 11026 439 11054 contra
447 11019 592 11070 Anaxagoram,
601 11021 752 11074 Empedoclem,

295 11070 434 11117 Avicennam,
449 11076 573 11123 Averroe'm,
586 11075 690 11117 Albertum
704 11080 751 11119 Ma-

295 11136 357 11179 gnum
373 11142 390 11178 3.
397 11128 418 11166 de
426 11133 478 11173 carlo,
491 11135 545 11172 trusi.
554 11151 569 11173 2.
577 11148 614 11188 cap.
622 11151 636 11175 r.
652 11134 750 11191 Philopo-

254 11198 257 11200 ·
295 11187 373 11225 numia
383 11198 429 11226 text.
437 11192 469 11237 64.
483 11184 593 11232 landunum
605 11196 623 11232 6⁴
629 11192 693 11247 phyfir.
706 11208 723 11248 q.
730 11211 751 11247 4.

294 11240 407 11284 Pernelinm
422 11243 534 11302 22Phyfi0l0g·
543 11255 598 11302 capo„
606 11255 699 11291 &contra
705 11252 751 11309 pln-

293 11309 323 11337 res
332 11302 441 11346 Avicennae
451 11300 557 11345 sectatores·
570 11305 663 11349 Nostram
670 11305 749 11351 lenten-

269 11390 270 11393 ,
294 11357 344 11395 tiam
350 11357 549 11413 docentD.'slromas
562 11364 674 11418 ‘’W-33&
686 11378 750 11421 tpnrt.

295 11413 352 11468 quast.
362 11422 394 11468 76.
407 11430 466 11470 art-4
480 11419 534 11461 &ibi
545 11420 690 11469 Caietanus,&
697 11426 750 11467 citati

296 11468 512 11517 &contranitentibus
519 11508 525 11527 ‚
536 11481 617 11525 Scottis,
631 11479 751 11536 Gregorius,
763 11467 777 11507 Ε

295 11527 416 11582 Capreolus,
432 11530 512 11578 loannes
527 11537 611 11590 Major,
624 11538 750 11592 Argentinas‚

296 11586 383 11635 Gabriel,
390 11588 635 11641 nichardusochamus,
643 11598 749 11645 irritans,

295 11643 400 11694 Summas,
410 11650 430 11687 &
439 11648 469 11689 alii
476 11650 543 11705 plures:

324 11700 434 11744 Probatur:
449 11707 468 11746 Si
479 11709 498 11748 in
507 11710 569 11750 mixto
578 11706 639 11753 essent
651 11715 695 11755 astu
706 11712 747 11755 for-

293 11770 332 11798 mae
339 11755 493 11813 elementorum,
503 11781 536 11809 aut
547 11763 607 11809 essent
615 11768 710 11819 restastae,
726 11788 748 11814 ut

283 11820 348 11858 'tenet
360 11816 465 11868 buettner,
473 11829 493 11864 &
501 11839 549 11865 tunc
558 11838 599 11865 non
607 11824 654 11868 esset
660 11825 747 11871 substan-

238 11901 240 11904 *
292 11875 318 11914 tia
329 11905 336 11922 ‚
347 11876 395 11930 quia
406 11888 431 11916 ex
447 11878 551 11923 Aristotele
567 11886 587 11921 in
596 11885 749 11938 praedicaminis,

204 11983 215 11996 Ι
259 11935 261 11939 ”
292 11928 336 11977 bec
354 11947 395 11973 non
413 11936 483 11990 recipit
498 11943 686 11994 magis&minuss
709 11961 748 11987 nec

291 11989 363 12030 etiams
372 11990 394 12032 lit
406 11993 540 12048 inadequatn
550 12013 632 12041 uttenet
641 12004 747 12052 Avertens,
764 12056 766 12061 ,

289 12048 336 12101 quia
346 12048 473 12105 adaequatum
489 12056 572 12096 mixtum
589 12054 664 12100 fanum
676 12074 701 12100 ex
713 12061 746 12103 illa

795 8733 864 8783 nequit
876 8735 938 8786 magis
951 8735 972 8772 dc
982 8736 1048 8775 minus
1057 8732 1149 8791 suscipere
1163 8750 1197 8792 per
1210 8734 1249 8782 sum

796 8800 865 8842 partes.
881 8791 975 8830 Praetetea
988 8791 1023 8831 illae
1031 8792 1098 8834 format
1107 8793 1249 8839 elementorum

795 8858 829 8884 aut
840 8842 886 8885 sunt
898 8842 1008 8889 secundum
1018 8849 1061 8889 suas
1074 8851 1218 8897 dimensiones,
1229 8859 1249 8895 δε

795 8898 815 8939 se
823 8914 926 8955 penetrant
934 8934 939 8951 ,
953 8905 1008 8959 quod
1016 8920 1123 8962 repugnar5
1131 8909 1162 8949 vel
1172 8906 1250 8953 leorlim

795 8956 839 8998 sunt
850 8959 929 9013 positae,
940 8966 960 9002 &
974 8976 1021 9003 tunc
1031 8963 1077 9003 litut
1088 8965 1180 9018 quaelibet
1188 8970 1207 9006 in
1215 8969 1249 9009 sno

794 9013 838 9055 loco
845 9030 886 9056 non
896 9016 942 9060 facit
950 9023 1046 9067 mixtum,
1055 9019 1102 9061 eries
1109 9037 1152 9078 pars
1161 9023 1248 9078 simplex,

795 9077 815 9114 dt
825 9071 865 9112 stne
871 9076 968 9116 mixtione
977 9079 1054 9118 dicetur
1060 9080 1125 9121 mixta.
1137 9082 1191 9121 Tum
1203 9086 1250 9135 quia

795 9133 879 9170 mixtum
893 9145 1046 9188 componeretur
1056 9150 1080 9176 ex
1096 9136 1185 9191 pluribus
1196 9143 1250 9179 enti-

795 9184 831 9226 bus
843 9200 877 9241 per
889 9186 923 9236 se,
942 9197 962 9230 ἃ
975 9197 994 9231 in
1006 9194 1066 9239 actu,
1079 9199 1099 9236 δι
1110 9192 1155 9234 elser
1167 9209 1201 9251 ens
1213 9209 1249 9250 per

795 9247 898 9291 accidens,
915 9252 935 9288 δέ
949 9249 1092 9291 elementorum
1104 9253 1199 9299 acervus,
1208 9269 1249 9297 non
1264 9262 1268 9268 '

795 9314 859 9343 autem
875 9318 937 9346 unum
950 9304 1013 9361 perse
1025 9310 1107 9348 mixtum
1116 9310 1249 9365 ,&ens.plty-

796 9356 870 9407 fi‘cum,
884 9364 938 9416 qnod
949 9363 1041 9417 reprobat
1050 9364 1161 9408 Aristoteles
1177 9386 1193 9419 ς.
1198 9368 1250 9422 phys

794 9427 830 9469 cup.
842 9433 863 9468 4.
883 9423 903 9458 δέ
915 9417 961 9461 esset
975 9423 1028 9461 idem
1041 9424 1140 9471 mixtum,
1154 9423 1201 9465 scut
1212 9440 1248 9479 per

794 9469 848 9514 suam
861 9474 944 9518 suturam
962 9476 1085 9520 essentialiter
1100 9484 1183 9522 mixtum
1195 9513 1200 9530 ,
1214 9497 1249 9537 per

793 9528 865 9572 formas
881 9533 1026 9576 elementorum
1046 9533 1170 9579 essentialiter
1189 9542 1249 9593 ignis,

793 9592 813 9629 &
827 9602 891 9643 aqua,
906 9597 925 9633 &
940 9606 991 9632 terra
1006 9612 1010 9635 :
1027 9597 1046 9632 δέ
1058 9593 1107 9635 sicut
1121 9598 1141 9637 in
1157 9597 1247 9637 universo

794 9658 830 9698 per
843 9645 920 9689 easdem
931 9647 1003 9690 formas
1018 9647 1062 9692 suut
1070 9654 1121 9693 entia
1133 9667 1169 9708 per
1179 9650 1210 9702 se,
1222 9653 1247 9696 fic

794 9717 902 9746 inmixtis.

985 9819 1005 9864 §.
1027 9818 1075 9858 ΙΙΙ,

793 9896 904 9939 Admittitur
916 9903 936 9940 in
950 9906 1005 9943 mixti
1016 9904 1079 9957 forma
1093 9908 1181 9949 virtualis
1191 9910 1247 9949 cinti-

918 9965 981 10001 matt'a
992 9965 1121 10004 elementorum.

844 10045 976 10092 Esolvendum
988 10050 1144 10109 secundb‚qt1'od
1153 10054 1200 10098 lrc‘et
1207 10071 1248 10098 non

845 10105 881 10147 sint
892 10109 912 10146 in
924 10113 985 10150 mixto
993 10109 1061 10153 formae
1069 10111 1200 10155 substantiales
1206 10115 1248 10156 ele-

792 10176 906 10204 mentorum
913 10195 918 10211 ‚
925 10165 986 10207 forma
996 10172 1056 10211 mixta
1065 10172 1152 10211 continet
1162 10169 1201 10211 illas
1208 10175 1247 10212 vir·

793 10220 870 10260 rualiter
882 10223 999 10264 eminenter.
1013 10229 1043 10267 Sic
1051 10226 1168 10268 sancivimus
1178 10241 1220 10269 tom.
1230 10246 1246 10271 r.

791 10274 868 10329 Restitit.
883 10281 952 10320 Medic.
963 10284 1036 10327 citato,
1056 10285 1204 10341 deduciturque
1221 10301 1247 10328 ex

793 10333 896 10376 Ariletele
908 10339 939 10377 lib.
949 10339 1039 10396 degener.
1052 10354 1097 10382 text.
1105 10348 1139 10395 48.
1153 10344 1213 10386 libcr-
1226 10347 1248 10384 de

788 10404 839 10446 patr.
850 10396 923 10437 animal.
931 10410 970 10452 cap.
977 10415 997 10439 r.
1010 10398 1039 10439 til.
1050 10415 1064 10449 3,
1077 10401 1099 10439 de
1110 10403 1164 10450 tuso,
1179 10414 1217 10457 cap.
1228 10421 1247 10456 3*

791 10463 817 10489 ex
825 10451 934 10493 urhun.
952 10457 1247 10511 npart.quast.76.art.4.ad4.

791 10506 968 10563 quemsequuntur
980 10513 1152 10572 Conr'mbriccnses¹
1164 10516 1194 10557 nl.
1202 10518 1247 10559 nde

786 10578 868 10620 generat.
874 10572 894 10609 &
902 10568 932 10609 alii
937 10571 990 10610 citari
998 10568 1076 10614 duobis

819 10623 916 10665 Probatur
930 10655 935 10672 ,
951 10629 998 10680 quia
1012 10630 1033 10669 in
1044 10632 1107 10671 mixtis
1121 10631 1246 10685 reperiuntur

791 10680 894 10733 qualitates
906 10686 985 10737 primae,
999 10699 1043 10739 que
1055 10684 1099 10728 sunt
1109 10684 1191 10728 effecius
1202 10701 1246 10744 pro-

792 10740 827 10791 prii
839 10737 947 10781 formarum
962 10741 1108 10785 elementorum
1122 10764 1126 10785 2
1144 10746 1199 10799 Ergo
1210 10747 1246 10787 de-

791 10793 838 10837 bent
853 10797 939 10851 produci
952 10798 977 10838 ab
993 10813 1065 10841 eorum
1081 10800 1150 10841 formis
1160 10833 1166 10850 ,
1178 10803 1210 10844 vel
1220 10802 1246 10843 ab

791 10852 827 10892 alia
836 10883 842 10899 ,
851 10866 896 10906 qux
903 10854 946 10896 illas
958 10856 1065 10898 virtualiter
1078 10863 1190 10900 contineat:
1207 10861 1246 10902 Sed

791 10909 844 10951 nulla
855 10909 893 10951 alia
904 10911 967 10954 forma
977 10912 1005 10953 est
1012 10916 1139 10971 compatibilis
1150 10930 1196 10956 tum
1205 10916 1247 10958 for-

790 10968 904 11010 mamixta:
920 10971 972 11025 Ergo
978 10971 1003 11013 ab
1009 10972 1190 11030 illaproducuntur,
1197 10988 1246 11029 qua-

790 11038 847 11067 tenus
856 11028 968 11081 naturaliter
980 11034 1070 11073 continet
1078 11030 1154 11074 formas
1160 11031 1246 11073 elemen-

790 11096 860 11123 torum.

819 11139 914 11182 Probatur
924 11137 1027 11192 seeundb,
1043 11147 1098 11199 quod
1110 11146 1175 11189 forma
1185 11148 1245 11189 mixta

791 11197 897 11240 virtualiter
906 11203 1014 11243 eminenter
1021 11206 1119 11246 contineat
1129 11203 1200 11246 formas
1207 11205 1246 11247 ele·

790 11269 904 11297 mentorum
915 11286 921 11305 ,
934 11271 958 11297 ex
971 11257 1047 11299 diuisa
1058 11262 1113 11304 nobis
1121 11261 1166 11303 loco
1180 11276 1245 11319 nuper

790 11315 862 11361 citato,
877 11317 897 11352 &
908 11315 1017 11370 praecipue,
1029 11318 1084 11374 quod
1096 11334 1131 11374 per
1144 11319 1195 11361 iilam
1205 11320 1245 11361 vir-

790 11370 861 11412 tualem
869 11374 1007 11418 continentiam
1016 11375 1077 11417 valeat
1086 11378 1194 11430 producere
1204 11394 1245 11420 non

791 11424 853 11471 sollrm
870 11426 953 11469 remissas
965 11434 1034 11485 primas
1048 11435 1165 11489 qualitates,
1178 11434 1212 11477 sed
1224 11439 1245 11476 in
1282 11489 1284 11495 y

791 11481 953 11541 stimmo,&ipsas
960 11486 1185 11534 elementorumsormas.
1192 11496 1245 11537 Nam

790 11542 875 11584 virtualis
889 11546 1009 11587 continentia
1018 11548 1162 11592 elementorum
1173 11553 1193 11593 in
1202 11551 1245 11593 for-

790 11612 822 11640 ma
836 11604 909 11650 mixta,
925 11602 955 11654 vel
966 11600 1000 11645 stat
1011 11608 1031 11646 in
1044 11606 1084 11658 hoc
1097 11639 1103 11656 ‚
1115 11608 1172 11662 qnod
1182 11608 1246 11651 forma

790 11660 850 11699 mixta
858 11661 930 11700 virtute
937 11665 1038 11705 contineat
1045 11664 1190 11707 elementorum
1204 11667 1247 11710 sor-

788 11728 844 11763 mas,
856 11730 953 11772 quatenus
966 11733 998 11759 ets
1007 11717 1060 11762 valet
1072 11723 1199 11777 produceret
1214 11725 1247 11768 vel

789 11773 808 11811 in
817 11773 870 11822 hoc,
881 11776 935 11830 quod
943 11777 1084 11834 elementorum
1091 11778 1194 11833 qualitates
1200 11796 1248 11839 pro

788 11829 865 11874 ducat:
882 11835 920 11874 Sed
931 11835 951 11873 in
964 11834 1079 11889 qualitatum
1093 11843 1246 11882 remanentiam

788 11891 849 11930 mixto
867 11905 909 11931 non
924 11889 959 11933 stat
971 11893 1057 11937 virtualis
1070 11896 1192 11939 continentia
1203 11897 1245 11939 ele-

787 11959 901 11988 mentorum
912 11966 917 11986 ι
927 11949 983 12003 Ergo
992 11948 1029 11990 stat
1035 11954 1055 11990 in
1067 11950 1106 11990 hoc
1114 11982 1119 11998 ‚
1126 11956 1189 12007 qnod
1196 11962 1246 11997 mix·

787 12019 805 12045 ta
815 12003 878 12046 forma
888 12005 951 12046 valeat
961 12008 1072 12061 producere
1081 12008 1186 12053 elementa.
1199 12016 1245 12056 Pro-

788 12060 843 12103 batur
850 12064 921 12122 minor.
936 12064 956 12105 Si
968 12077 1049 12119 propter
1058 12066 1158 12124 qualitates
1171 12073 1244 12127 primas

1207 12141 1240 12175 >ln
