7350 12967
280 8441 332 8540 38
383 8484 411 8507 «.
445 8421 644 8536 Disputl.
673 8413 1096 8514 Devruttmortej,

275 8564 349 8610 modo,
358 8567 378 8604 ἃ
386 8561 453 8607 melius
462 8558 627 8616 respondendnm
638 8569 684 8596 cum
695 8556 739 8596 Do·
752 8557 771 8599 A
777 8561 849 8604 parim
864 8563 926 8589 carnei
938 8544 1051 8601 millesimi
1062 8573 1068 8588 ,
1085 8542 1174 8585 labuntur
1182 8544 1238 8587 vires,

277 8622 333 8662 &tore
344 8624 408 8664 Patdo
422 8651 428 8670 ,
441 8624 498 8674 quod
518 8616 532 8656 si
546 8614 656 8669 aliquando
669 8608 740 8666 hujus-

233 8685 238 8693 '
277 8679 334 8719 modi
346 8678 440 8734 spadones
453 8676 571 8731 conjugati,
588 8671 620 8711 vel
637 8684 678 8715 non
693 8683 741 8709 tort-

277 8736 343 8791 jugati
355 8735 428 8777 suerint
439 8735 511 8789 reperti
529 8730 578 8772 siros
589 8728 664 8769 habere
676 8758 682 8775 ‚
692 8740 741 8782 touq
759 8751 762 8755 -

278 8793 343 8834 inillis
351 8807 394 8832 non
405 8790 443 8832 suit
452 8788 507 8832 teile
521 8785 653 8830 administrata
659 8786 741 8831 curatio,

278 8864 315 8907 pro
328 8864 384 8904 cujus
398 8850 466 8897 reela,
480 8862 502 8887 ac
516 8844 605 8902 persenia
617 8840 741 8885 administra·

281 8912 336 8949 tione
348 8908 471 8963 requiritur,
489 8905 544 8959 quod
559 8901 617 8943 testes
635 8905 660 8941 ita
675 8900 699 8940 ad
712 8903 740 8939 in-

280 8980 310 9005 tra
324 8964 394 9006 reclusi
408 8976 547 9019 permancant,
558 8975 581 9000 ut
588 8962 705 9013 neutiquam
712 8959 741 8997 vi-

280 9020 316 9071 su,
329 9023 360 9064 vel
370 9022 423 9062 caelu
432 9023 507 9077 percipi
516 9018 601 9073 poshnti
612 9014 679 9057 namsi
694 9027 739 9069 per-

280 9082 392 9137 cipiantur,
403 9081 531 9134 quantumvis
544 9079 564 9117 in
573 9073 638 9115 scroto
647 9087 687 9113 non
699 9072 742 9119 sint,

280 9153 329 9179 tunc
341 9152 382 9178 uon
394 9136 431 9177 suit
446 9132 533 9192 perfecie
544 9130 741 9173 administratacura·

280 9198 320 9244 ta'o,
330 9199 350 9235 dc
357 9194 449 9237 siccutati
458 9191 591 9234 remanebunt
603 9188 671 9245 aptiad
680 9200 742 9243 gene-

281 9252 418 9295 randosstlios.

310 9313 348 9354 Sed
361 9307 440 9353 incaute
461 9310 480 9350 P.
494 9306 561 9350 Duval
574 9301 678 9359 acquiescit
693 9304 741 9344 huic

281 9366 381 9411 solutioni.
402 9370 457 9409 Tum
468 9369 516 9421 quia
528 9362 610 9421 quaestio
618 9360 742 9417 proceditde

282 9427 318 9468 illis
330 9428 451 9471 homiuibus,
458 9428 478 9465 in
490 9425 564 9479 quibus
571 9422 597 9463 ab
609 9417 701 9461 hetnistis
713 9431 742 9457 re-

281 9484 399 9542 linquuntur
413 9480 496 9526 testiculi
511 9480 577 9521 inclusi
593 9484 644 9519 intra
656 9478 743 9531 inguina,

281 9547 318 9597 qui
333 9543 346 9584 st
360 9556 415 9583 extra
428 9552 559 9584 remaneant,
574 9538 743 9589 &percipiantur

281 9597 335 9649 visu,
347 9614 382 9641 aut
393 9602 459 9644 tadu,
473 9610 520 9635 tunc
531 9610 572 9635 non
580 9594 684 9648 respondet
694 9604 743 9645 pto-

282 9658 347 9714 posttae
361 9655 475 9698 difficultati.
499 9655 554 9693 ‘stim
568 9654 615 9706 quia
630 9646 678 9690 sabd
696 9656 743 9703 sup-

281 9718 340 9771 ponit
352 9713 412 9756 alium
421 9712 486 9753 locum
495 9741 500 9759 ‚
510 9711 531 9749 in
543 9723 583 9763 quo
590 9702 703 9764 pesslntcsse
713 9719 743 9745 te-

282 9772 330 9821 stei,
340 9786 410 9829 praeter
418 9772 502 9825 inguina
512 9798 518 9814 ,
529 9774 548 9810 ἃ
556 9765 641 9807 scrotum
648 9792 653 9810 ‚
660 9767 708 9818 quia
715 9767 743 9802 in-

282 9846 312 9873 ter
325 9833 358 9872 ilta
375 9827 437 9870 solum
451 9825 509 9868 reslat
525 9829 555 9866 via
570 9855 575 9873 ‚
596 9824 635 9864 sive
647 9818 744 9875 processus

282 9892 385 9947 peritonaei
399 9919 405 9936 ,
419 9900 453 9941 pet
465 9898 525 9940 quem
537 9881 680 9928 descendunt,
693 9881 745 9918 intra

781 8608 884 8662 animcstiac
896 8600 949 8662 crffar
956 8635 961 8650 ,
968 8608 1032 8661 signes
1042 8633 1047 8647 ,
1057 8603 1080 8649 (i
1090 8605 1151 8642 timidi
1161 8601 1240 8641 reddun-

781 8680 866 8709 tur‚oax
875 8681 931 8705 acuta
938 8666 977 8719 fit,
988 8678 1028 8703 caro
1035 8656 1103 8714 suavis
1111 8655 1240 8715 promiansi,

777 8725 896 8779 pinguescam
905 8723 986 8778 ‚frigida
993 8721 1048 8775 sunt,
1063 8721 1084 8766 (i
1096 8717 1170 8758 humida
1182 8729 1241 8769 carpo-

781 8782 892 8825 Mydtffillm
898 8796 939 8821 ΙΟΜ
948 8796 966 8820 m
975 8777 1075 8832 summam
1085 8771 1242 8826 Mlm'blmlmsss·

781 8854 883 8880 mutamur.
910 8842 949 8880 Sed
960 8835 1074 8878 <mniahaec
1083 8832 1241 8887 signade'riciunt

782 8900 803 8937 in
818 8897 845 8937 sic
859 8895 957 8944 castratis,
969 8894 1002 8935 seu
1013 8894 1083 8933 curatis
1096 8908 1102 8936 5
1120 8890 1173 8932 nulla
1185 8892 1240 8931 enim

781 8954 818 8994 illia
828 8958 894 8995 iniunt
906 8953 959 9007 sgna
970 8965 995 8992 ex
1008 8949 1079 9004 quibus
1093 8944 1242 9003 cognoscantur

780 9012 1003 9065 curati2sttutappatcnt
1010 9012 1030 9049 in
1038 9007 1142 9049 eunuchis.
1155 9006 1241 9047 Namin

781 9068 807 9109 sic
818 9073 890 9109 curaris
904 9074 949 9108 stur
964 9067 999 9122 pili
1009 9068 1029 9106 iu
1039 9064 1099 9105 barba
1109 9095 1115 9111 ,
1125 9077 1148 9104 ac
1160 9066 1181 9102 in
1193 9061 1239 9102 reli-

781 9127 1019 9182 quiapattibuseorporis,
1029 9123 1121 9165 &emnia
1130 9120 1197 9161 smilia
1204 9134 1240 9174 ap-

784 9198 853 9247 parent
859 9188 880 9224 in
889 9184 924 9224 illir
930 9181 983 9236 sigua
989 9177 1149 9237 quavirilitatem
1155 9178 1242 9218 demon·

756 9233 772 9272 Β
783 9243 843 9282 strant
855 9244 875 9281 in
889 9240 970 9285 reliquis
982 9240 1099 9285 vitis,itaut
1108 9250 1133 9276 cx
1140 9234 1196 9275 nullo
1205 9248 1240 9274 ex-

782 9302 850 9339 teriori
858 9298 915 9354 sgno
927 9286 996 9353 possint
1007 9296 1090 9351 judicati
1099 9292 1110 9335 ὲ
1120 9292 1200 9346 reliquis
1207 9293 1241 9332 di.

783 9355 846 9397 sarrai
857 9377 861 9397 :
872 9368 921 9411 ergo
933 9356 1037 9409 judicandi
1046 9350 1090 9395 sunt
1101 9353 1142 9407 apti
1152 9349 1237 9391 sicutte·

783 9414 832 9469 liqui
843 9415 867 9455 acl
878 9413 1020 9467 generandum·

812 9472 927 9527 Respondet
935 9468 1001 9511 Duval
1007 9499 1013 9517 ,
1019 9467 1076 9522 quod
1082 9463 1127 9507 licet
1132 9477 1242 9520 appareant

783 9528 828 9583 pili,
838 9528 897 9571 barba
905 9561 910 9577 ‚
918 9535 938 9571 ot
945 9526 1021 9582 reliqua
1030 9521 1198 9578 exteriorasgna,
1204 9521 1241 9562 de-

783 9588 874 9641 perditur
885 9600 952 9627 tamen
967 9587 988 9624 in
1004 9583 1039 9624 illis
1051 9580 1147 9627 virilitas,
1163 9583 1185 9620 δι
1195 9582 1240 9619 ani-

783 9644 877 9692 molitas,
892 9649 913 9686 dt
925 9645 962 9683 alia
973 9641 1029 9697 signa
1042 9641 1129 9681 virorum
1139 9638 1229 9679 sanorum
1234 9655 1241 9683 5

784 9707 804 9744 &
817 9704 874 9757 quod
887 9699 935 9741 licet
955 9701 1023 9740 omnia
1039 9698 1083 9739 hacc
1095 9695 1150 9749 signa
1162 9697 1240 9749 reperi-

784 9773 853 9800 rentur
864 9788 869 9804 ‚
880 9774 920 9800 non
928 9759 1018 9812 arguitur
1028 9757 1048 9795 in
1060 9752 1097 9794 illis
1105 9755 1193 9808 potentia
1204 9764 1241 9807 gea

785 9819 887 9859 notandi:
901 9830 948 9858 nata
958 9818 978 9855 in
989 9813 1031 9853 aliis
1042 9811 1152 9859 eunuchis,
1160 9807 1241 9850 abscissis

785 9874 881 9922 testibus,
894 9875 985 9927 quamvis
996 9884 1040 9911 non
1050 9868 1137 9909 habeant
1150 9865 1242 9916 barbam,

282 9961 345 10002 quem
354 9962 396 9988 nori
404 9940 482 9999 possunt
490 9952 619 9998 permanere,
629 9938 674 9980 clim
683 9934 744 9979 solum
758 9929 776 9970 C
786 9932 861 9974 habeut
872 9932 927 9986 signa
938 9933 1026 9972 virorum
1036 9925 1181 9983 perfectorum,
1190 9929 1210 9965 dt
1219 9924 1242 9967 il-

283 10004 306 10046 fit
319 10006 351 10045 via
360 10003 440 10045 declivis
451 9999 548 10041 transitus.
570 9999 626 10038 Turn
637 9995 685 10051 quia
696 9994 743 10033 her-

283 10061 338 10105 aista
346 10064 391 10103 ideo
403 10057 526 10101 tiariferam
537 10054 635 10097 testiculos
651 10052 676 10093 ab
690 10049 742 10091 scro-

284 10134 305 10161 to
314 10122 337 10161 ad
350 10122 442 10175 inguina,
455 10130 480 10156 ne
489 10129 523 10171 per
535 10112 566 10155 sua
578 10110 622 10153 vasa
631 10110 746 10165 impediant,

284 10170 502 10232 quominnsprocesl‘rn
515 10172 626 10227 petronaci,
641 10180 745 10225 perquem

285 10233 424 10279 descendunt,
437 10230 491 10288 possit
498 10231 523 10270 ab
530 10228 603 10269 artifice
611 10226 703 10268 coriarii
711 10252 716 10270 ,
725 10228 746 10265 bc

286 10296 337 10334 uniri
350 10307 386 10349 per
398 10293 515 10345 ligaturam,
529 10300 554 10327 ne
567 10283 657 10326 intestina
664 10280 745 10324 descen-

286 10352 377 10406 damper
389 10349 439 10391 illam
446 10351 498 10387 viam
505 10347 529 10385 ad
538 10341 632 10385 scrotum.
646 10342 701 10396 Ergo
706 10354 748 10382 tota

286 10411 361 10450 curatio
369 10406 404 10449 stat
410 10410 430 10448 in
435 10403 552 10460 repositione
558 10399 692 10443 testiculorum
697 10402 747 10439 intra

287 10470 381 10523 inguina,
391 10479 428 10505 nec
438 10462 481 10519 post
490 10462 542 10503 illam
550 10456 629 10516 possunt
640 10469 746 10513 permane-

286 10538 320 10573 re,
333 10522 368 10564 uifi
376 10522 445 10565 reclusi
459 10524 509 10561 intra
523 10518 567 10564 illa,
579 10523 599 10560 dt
611 10512 696 10557 omnino
711 10528 747 10570 per

287 10580 392 10637 ligaturam
408 10580 499 10635 impediti
512 10608 518 10625 ,
535 10577 644 10632 quominus
656 10588 693 10615 nec
703 10570 746 10613 sur-

783 9989 806 10031 lu
818 9989 868 10031 inest
879 9986 989 10044 proclivitas
1001 9987 1027 10026 ad
1037 9990 1118 10027 coitum.

814 10050 852 10089 Sed
874 10048 910 10088 sibi
932 10046 1061 10086 contrariatur
1077 10043 1098 10082 in
1109 10038 1241 10098 responsione.

785 10108 839 10149 Nam
846 10106 931 10159 denegat
940 10107 960 10143 in
970 10103 991 10142 iis
1003 10099 1122 10141 habentibus
1134 10098 1243 10146 testiculos,

785 10164 876 10220 iquibus
888 10161 982 10219 provenit
989 10158 1080 10205 virilitas,
1089 10154 1149 10212 ipsam
1159 10156 1242 10204 virilita-

786 10237 825 10264 tem
833 10254 839 10271 ,
846 10229 867 10264 bc
874 10222 961 10266 admittit
975 10217 1030 10273 quod
1040 10215 1094 10256 illam
1106 10215 1196 10256 habeant
1205 10215 1242 10270 qui

786 10277 831 10321 sunt
841 10280 882 10321 fine
894 10275 997 10318 testiculisr
1008 10273 1064 10329 quod
1077 10271 1180 10313 manifeste
1190 10287 1244 10313 con-

785 10342 875 10379 trariatur
883 10337 960 10383 rationi,
968 10339 988 10376 &
995 10332 1069 10375 Gasani
1077 10331 1212 10384 doclrinat,qui
1220 10345 1242 10370 ut

786 10399 885 10442 diximus,
897 10394 957 10436 sib-de
964 10389 1043 10446 semine,
1054 10397 1130 10442 mp-16·
1140 10387 1244 10443 duplicem

786 10452 949 10509 principalitatem
958 10451 1014 10506 ponit
1024 10451 1045 10489 in
1053 10444 1134 10487 restibus
1143 10464 1149 10493 5
1160 10446 1244 10488 alteram

786 10515 805 10553 in
815 10514 886 10552 ordine
891 10512 915 10551 ad
923 10508 1007 10563 speciem
1018 10502 1187 10551 conservandam,
1194 10517 1243 10558 qua-

786 10584 842 10610 tenus
855 10581 953 10624 generant
963 10562 1030 10606 semen
1043 10578 1049 10607 5
1062 10562 1144 10603 alteram
1154 10561 1243 10615 respedu

287 10637 330 10681 sum
344 10672 349 10689 ,
367 10653 405 10680 nec
415 10635 508 10679 deorsum
522 10644 600 10676 valeant
614 10632 779 10687 prorumpereD
787 10625 815 10669 sui
827 10627 925 10669 indiuidui
934 10657 940 10673 ‚
950 10635 1046 10677 quatenus
1057 10622 1206 10660 communicant
1216 10617 1243 10660 illi

288 10699 397 10751 Tumquia
410 10697 456 10737 idco
470 10693 571 10735 Authote>
585 10690 638 10729 hanc
655 10688 746 10729 reclusio-

287 10769 334 10797 nem
342 10753 477 10799 testiculorum
487 10754 536 10791 intra
545 10750 627 10803 inguina
634 10761 706 10788 vocant
712 10761 747 10787 oc-

288 10813 417 10861 cultationem
429 10809 573 10861 eorumrnquia
585 10802 645 10853 visui,
655 10810 675 10847 &
687 10805 747 10845 taciui

289 10872 412 10913 occultantur
425 10888 430 10908 ι
442 10879 491 10921 ergo
503 10881 542 10906 non
555 10860 633 10920 possunt
646 10876 700 10903 extra
710 10876 743 10917 ap-

290 10942 357 10983 parete
371 10931 391 10968 in
407 10926 432 10967 stc
443 10924 520 10965 curatis.
535 10926 589 10964 Tum
602 10923 648 10973 quia
661 10920 674 10961 st
687 10918 746 10961 testes

290 10984 369 11041 possent
386 10982 426 11026 vitii
444 10983 539 11037 percipi,
559 10982 605 11021 ideo
620 10975 684 11028 esset,
699 10980 748 11033 quia

290 11055 416 11099 permaneret
433 11040 503 11081 solutio
515 11038 649 11085 continuitatis
665 11039 684 11077 iu
702 11049 748 11089 pat-

291 11115 310 11143 te
322 11104 435 11144 continente
448 11096 505 11146 illos,
518 11102 538 11139 &
551 11110 586 11153 pet
598 11092 650 11134 illam
662 11109 687 11135 ex
698 11096 749 11135 a'e'ris

290 11157 378 11214 ingressu
400 11160 578 11212 intemperarentur
599 11149 667 11207 frigidi
691 11150 751 11198 sadi,

289 11223 312 11265 dt
332 11215 476 11270 consequenter
493 11212 624 11255 redderentur
644 11212 706 11265 inepti
724 11209 751 11250 ad

292 11276 429 11331 generandum
451 11288 456 11311 :
477 11272 531 11327 Ergo
541 11264 698 11319 srusttafingitur
709 11266 752 11308 ralis

786 10686 887 10741 quandam
897 10683 1012 10737 qualitatem
1023 10692 1067 10733 qua:
1078 10680 1098 10717 in
1110 10677 1197 10718 soeminis
1207 10678 1244 10715 tri-

786 10744 828 10784 buit
835 10742 967 10784 soemineitatis
974 10737 1075 10782 habitum,
1082 10737 1102 10774 in
1109 10738 1153 10776 viris
1161 10733 1244 10775 virilita-

787 10815 832 10843 tem.
839 10796 1027 10856 Qodeonrirrnant
1035 10792 1244 10840 Nriceuusnauien-

785 10860 857 10905 tina&
867 10857 937 10909 reliqui
946 10854 1063 10895 Anatomici.
1085 10852 1138 10906 Ergo
1144 10851 1246 10906 paradoxa

786 10915 815 10956 est
826 10916 906 10959 Duvalii
918 10909 1013 10968 responsio
1029 10908 1118 10951 tribuent
1133 10907 1245 10949 virilitatem

787 10978 832 11015 vitis
845 10971 936 11015 testiculis
948 10970 1037 11026 privarit,
1049 10967 1181 11022 &denegans
1192 10965 1247 11007 illam

789 11034 835 11075 viris
842 11031 900 11074 testes
910 11026 1034 11070 habentibus.

817 11090 915 11133 Probatur
930 11082 995 11128 tertio.
1019 11082 1099 11138 Siquid
1112 11078 1197 11122 obstaret
1209 11091 1247 11134 po-

790 11151 856 11191 tcnriae
867 11149 942 11198 horum
953 11144 1092 11189 castratorum,
1100 11135 1187 11181 maxime
1198 11149 1247 11179 con·
1277 11186 1279 11189 ι

791 11203 854 11249 final
865 11203 986 11259 Vetastigni,
996 11206 1017 11245 δε
1027 11198 1069 11239 aliis
1078 11199 1194 11252 curatio'per
1201 11208 1247 11249 ery-

792 11265 875 11307 tbtoi'dis
885 11264 958 11304 tunicae
967 11258 1133 11301 denudationem:
1140 11253 1174 11296 sed
1180 11253 1249 11295 adhuc

291 11332 428 11376 testiculorum
437 11329 505 11387 positio
516 11331 537 11370 in
549 11326 585 11369 illis
597 11327 633 11381 qui
644 11323 696 11367 filios
705 11338 751 11381 pto
762 11325 777 11367 E
791 11323 804 11365 fi
815 11320 861 11363 esset
871 11317 1037 11364 necessarimm
1047 11312 1199 11368 subsequeretur
1210 11313 1250 11353 im-

292 11406 367 11435 creant.

290 11444 294 11453 ’
323 11450 418 11491 Probatur
430 11437 752 11499 stcundoipostciioriexfignis

293 11503 306 11548 ὲ
320 11506 377 11549 nobis
386 11506 459 11547 traditis
467 11517 508 11545 tom.
517 11520 533 11545 i.
540 11506 613 11556 parra.
620 11495 712 11552 confidat.
725 11510 751 11538 ex

294 11566 375 11608 Zacuto
384 11578 423 11606 iim.
433 11580 448 11604 1.
456 11561 488 11607 lib,
495 11579 512 11615 3.
521 11560 561 11614 hist.
568 11566 587 11598 P.
593 11556 711 11611 maistam
720 11560 751 11597 26.

292 11625 330 11681 qui
341 11622 430 11665 referens
443 11620 498 11675 figna
509 11618 662 11664 eunuchorum,
674 11614 750 11668 inquit:

293 11681 349 11739 Qid
367 11693 493 11721 comminarem
504 11676 613 11717 indicibilem
634 11675 772 11719 mutationem,

291 11757 317 11782 ex
325 11740 449 11781 castratura?
468 11744 515 11777 Nam
522 11734 564 11788 five
575 11732 683 11788 auspicatur
693 11733 753 11773 rents,

286 11798 330 11854 five
343 11810 452 11854 rumpantur
463 11824 467 11837 ,
474 11792 517 11847 five
525 11798 664 11848 intorquentur
671 11787 753 11843 sentina-

290 11861 319 11900 lia
329 11854 378 11911 vasti
385 11860 437 11896 tenes
446 11853 582 11907 ingredientia,
591 11843 743 11904 pisimnampliil

287 11912 400 11972 uassuutur,
414 11912 459 11968 five
467 11916 488 11953 in
498 11908 570 11952 merrha
581 11938 587 11954 ‚
600 11911 665 11952 aliave
675 11908 751 11963 corpori<

743 11989 751 12014 s
781 11999 784 12003 ,

590 12082 609 12103 'x

790 11382 879 11437 potentia
888 11382 909 11422 in
927 11377 952 11419 sic
965 11376 1051 11421 curatis,
1067 11387 1089 11414 ut
1102 11367 1249 11412 demonstravi-

790 11454 834 11481 mus
843 11452 884 11479 tom.
892 11453 905 11479 1.
914 11434 988 11490 confisi.
997 11450 1014 11476 r.
1026 11433 1069 11479 §.8-
1080 11443 1125 11484 quat
1137 11429 1212 11470 ibidem
1222 11426 1251 11467 la-

791 11499 830 11542 tilis
842 11497 904 11537 videri
919 11507 1012 11548 poterunt
1034 11506 1040 11528 r
1063 11500 1113 11543 crgo
1127 11482 1251 11528 nonsufficit

790 11556 859 11597 adhuc
870 11555 912 11595 b'aee
925 11549 1066 11594 sarcitorio,
1075 11544 1197 11588 utcontratii
1205 11556 1250 11599 pro-

791 11614 840 11656 bent
851 11616 955 11655 intentum.

821 11671 920 11713 Probatur
937 11658 1029 11718 quaneh.-
1039 11661 1098 11703 naar.
1115 11658 1251 11702 testiculorum

793 11730 925 11773 occultatione
933 11726 959 11767 ab
967 11718 1066 11766 hernistjs,
1075 11718 1138 11759 modo
1147 11732 1190 11773 quo
1196 11716 1252 11769 illam

792 11802 896 11831 exercent,
903 11784 971 11830 nullus
977 11778 1091 11833 supervenit
1103 11776 1185 11818 morbus
1192 11778 1215 11816 in·
1223 11790 1253 11819 te.

793 11845 877 11893 sticulis,
891 11857 928 11887 nec
937 11845 957 11883 in
965 11836 1015 11880 vasis
1025 11834 1060 11876 illis
1071 11832 1253 11882 deservientium&

791 11920 832 11963 quo
843 11893 1056 11957 fiantimpotentesfic
1067 11893 1138 11937 curati.
1158 11893 1212 11946 Ergo
1219 11894 1253 11947 ju.

1171 11950 1253 11993 dicandi
