7350 12967
319 8602 401 8699 178
437 8594 599 8709 Displl.
615 8600 681 8683 De
695 8561 1209 8720 Mixrorssproprietatibdcl

310 8725 390 8766 deuniri
399 8742 404 8762 z
413 8728 467 8781 Ergo
474 8725 556 8771 essentia
564 8729 675 8786 putredinis
686 8743 729 8773 oon
741 8732 776 8776 stat
785 8739 803 8778 A

310 8784 332 8823 in
343 8783 448 8826 deunione
460 8788 545 8842 partium
557 8788 689 8831 materialium
699 8794 761 8833 mixti.

517 8897 533 8942 n.
562 8895 597 8933 rr.

310 8981 391 9021 Secunda
402 8981 483 9034 qualitas
498 8982 573 9033 confina
586 8982 707 9026 breuioribus
721 9016 726 9032 ,
741 9003 776 9028 non

387 9039 411 9092 est
426 9041 473 9078 tario
485 9035 582 9093 affinitalis
591 9046 696 9097 putredinis.

366 9125 500 9170 Esolvendum
518 9130 602 9186 primo,
618 9136 674 9189 quod
688 9134 775 9178 secunda

315 9132 461 9240 unalitas,
470 9189 491 9229 in
502 9202 540 9243 qua
552 9193 639 9232 Iuniores
650 9196 776 9236 contendunt

312 9258 389 9300 ponere
407 9242 528 9287 erseutiaiem
548 9250 657 9302 putredinis
671 9255 775 9300 rationem,

313 9300 369 9343 mere
386 9300 507 9356 figmentum
520 9304 554 9345 est.

1001 8776 1019 8821 §-
1041 8778 1086 8819 ΙΙΙ.

812 8861 867 8899 uario
876 8864 958 8914 generice
963 8860 1166 8918 effantialis'putreda'nis
1173 8867 1273 8924 adaptatur

879 8921 962 8960 acturam
972 8926 991 8961 m
1005 8922 1084 8978 opposta&
1095 8926 1205 8979 partialibus.

864 9022 998 9067 Esolvendum
1008 9025 1111 9078 secundd,
1122 9033 1179 9086 quod
1187 9036 1275 9089 putredi-

864 9084 892 9123 nis
904 9087 952 9124 ratio
961 9091 1051 9138 generica
1063 9086 1192 9131 &essentialis
1207 9090 1242 9133 stat
1255 9098 1275 9135 in

815 9139 870 9187 hoe,
884 9141 939 9194 quod
952 9142 974 9183 srt
989 9144 1068 9186 deunio.
1084 9147 1114 9188 Sic
1124 9152 1276 9193 teneurNuriez

816 9196 848 9236 lib.
856 9198 877 9236 de
884 9202 960 9241 cantone
970 9200 992 9247 ὠ
997 9205 1098 9256 putredine,
1105 9207 1126 9244 δι’
1132 9208 1195 9261 Veiga
1201 9208 1276 9249 lisndt

816 9253 873 9310 differ,
880 9254 927 9308 febr.

846 9314 944 9355 Probatur
963 9314 1029 9372 primi)
1045 9336 1049 9358 ε
1068 9319 1154 9360 Putredo
1169 9354 1174 9371 ,
1188 9336 1233 9378 quae
1248 9337 1276 9363 ex

343 9359 441 9402 Probatur
452 9360 531 9415 ptimd:
544 9366 598 9406 Tum
611 9366 657 9420 quia
668 9380 710 9406 non
721 9365 777 9407 colli·
816 9369 924 9414 Aristotele
930 9372 958 9413 est
965 9377 1215 9432 mixtorumptoprietas,ex
1221 9395 1276 9421 com-

313 9420 366 9472 gitur
379 9431 405 9458 ei<
415 9419 523 9462 Aristotelis
535 9452 541 9469 ,
558 9427 579 9462 &
589 9422 662 9464 Galeni
673 9424 775 9466 delinitio-
789 9430 804 9470 B
816 9433 873 9469 muni
887 9429 959 9492 placito
973 9430 1155 9486 Philosophorum,
1169 9452 1202 9478 aut
1215 9438 1276 9482 debet

313 9477 369 9517 nibus
384 9505 390 9522 ,
403 9479 459 9530 quod
469 9479 528 9519 detur
540 9482 559 9520 in
571 9480 676 9535 putredine
693 9481 734 9522 talis
746 9480 776 9525 se-

311 9535 378 9575 cunda
397 9534 480 9589 qualitas
499 9553 504 9573 ι
524 9539 577 9593 Ergo
595 9537 649 9578 mere
666 9540 778 9583 voluntaria

312 9590 402 9647 fingitur·
425 9596 480 9634 Tum
501 9598 548 9650 quia
566 9598 667 9651 qualitates
685 9596 776 9639 secundae

312 9653 366 9704 apud
382 9649 529 9702 Aristotelem,
548 9660 570 9696 ὃς
583 9654 630 9693 alios
645 9652 777 9708 Philosophus

311 9705 393 9758 fuerunt
413 9713 499 9761 cognita
515 9739 520 9756 ,
541 9716 561 9752 b:
578 9725 612 9766 per
632 9709 672 9753 suas
690 9713 777 9754 astiones

312 9765 407 9805 distinere
416 9796 421 9810 ,
430 9771 450 9805 b<
461 9782 596 9810 annumeratae
608 9783 613 9810 5
626 9775 645 9811 &
659 9769 726 9809 nullus
734 9784 776 9811 me·

314 9826 371 9863 naluit
385 9825 444 9864 huius
456 9821 545 9867 secundae
555 9827 653 9881 qualitatis·
669 9827 777 9871 confidas

313 9881 407 9921 Carreiro
421 9885 442 9921 a:
454 9883 594 9931 Matanroros,
612 9899 673 9940 quam
684 9886 731 9925 ideo
746 9890 776 9925 in-

312 9941 437 9979 nominatum
458 9954 536 9981 vocant.
566 9944 620 9983 Tum
639 9946 686 9997 quia
706 9942 776 9997 probat

312 9994 435 10038 Matamoros
447 10028 453 10045 ,
465 10001 522 10053 quod
534 10001 581 10042 citur
593 10003 677 10054 putredo
692 10015 717 10040 ex
733 10003 775 10041 Ari-

313 10051 383 10095 stotele
394 10053 427 10095 fiat
436 10052 447 10094 d
457 10056 524 10097 calore
534 10089 539 10105 ,
551 10058 592 10098 hate
606 10059 666 10098 debet
677 10054 717 10099 elle
728 10058 776 10100 alte-

816 9482 856 9526 effe
866 9485 988 9529 essentialiter
999 9488 1102 9531 constituta
1113 9493 1132 9532 in
1143 9494 1183 9535 boc
1196 9524 1202 9542 ‚
1218 9497 1276 9549 quod

816 9541 839 9581 stt
850 9546 936 9585 interitus
950 9548 1043 9588 naturalis
1057 9548 1126 9589 caloris
1139 9579 1145 9597 ,
1161 9567 1181 9593 ur
1198 9555 1276 9594 videtur

816 9598 897 9641 describi
910 9602 934 9643 ab
947 9603 1052 9645 Arist0tele
1060 9621 1065 9649 3
1074 9619 1107 9647 aut
1116 9609 1136 9649 in
1151 9609 1206 9658 hoe,
1219 9612 1276 9665 quod

817 9656 839 9699 st
852 9658 935 9713 qualitas
946 9658 1033 9703 secunda
1048 9693 1053 9711 ,
1071 9679 1093 9704 ut
1106 9662 1187 9720 fingunt
1197 9667 1276 9708 Carrei-

817 9722 889 9763 run&
901 9720 1023 9759 Matamoros
1035 9740 1041 9768 5
1052 9734 1086 9761 aut
1094 9722 1180 9764 conlidit
1191 9727 1212 9765 in
1226 9726 1276 9766 deu-

816 9775 879 9814 nione
890 9772 1026 9824 mil'cibilium‚
1042 9773 1075 9818 seu
1086 9781 1218 9824 materialium
1230 9797 1276 9838 par-

816 9832 865 9870 tium
875 9834 894 9870 in
905 9833 998 9887 oppositis
1011 9835 1122 9887 patibiiibus
1135 9854 1171 9886 ‚ut
1183 9855 1218 9880 nos
1228 9837 1276 9880 asse-

816 9890 878 9928 rimus
889 9892 939 9930 :Sed
951 9904 992 9932 non
1006 9890 1041 9933 stat
1049 9890 1129 9935 essentia
1138 9898 1248 9951 putredinis
1256 9901 1276 9940 in

816 9946 895 9987 interitu
909 9948 1003 9990 naturalis
1021 9950 1106 10001 caloris,
1125 9956 1173 10008 quia
1188 9957 1276 10010 putredo

815 10000 919 10045 essentitas
929 10005 1023 10060 pofitiua,
1033 10012 1116 10052 &mixti
1126 10015 1247 10066 proprietas:
1257 10028 1276 10055 ar

815 10059 883 10102 caloris
895 10066 981 10104 interitus
991 10063 1021 10105 est
1033 10071 1116 10122 privatio
1127 10073 1212 10111 entitaris
1223 10070 1276 10125 posi-

313 10114 363 10152 ratio
375 10144 380 10160 ,
395 10116 416 10152 de
425 10114 498 10155 babere
510 10129 545 10170 pro
556 10118 642 10156 termino
654 10117 803 10173 qualitateme
817 10120 863 10158 rivae
876 10149 886 10166 ,,
895 10119 1028 10162 conservantis
1038 10126 1139 10168 unionem.
1157 10130 1202 10170 Nee
1213 10127 1249 10169 stat
1257 10132 1276 10169 iu

313 10170 354 10210 Sed
366 10171 408 10211 nnc
418 10173 467 10211 ratio
476 10175 536 10213 etiam
551 10174 620 10227 probat
635 10204 640 10220 ,
655 10175 714 10228 quod
725 10173 776 10216 srest
817 10176 938 10218 innominata
953 10178 1039 10221 secunda
1050 10183 1144 10237 qualitate
1157 10215 1163 10233 ,
1179 10200 1200 10225 ut
1214 10199 1276 10240 nuper

311 10225 400 10268 alteratio
407 10226 475 10269 faetta
484 10229 550 10270 calore
558 10234 652 10272 terminus
662 10231 711 10272 illius
719 10234 776 10273 auio·

313 10285 344 10323 nis
353 10313 358 10330 ,
369 10283 390 10326 st
399 10285 454 10325 calor
464 10289 529 10342 prima
538 10289 619 10342 qualitas
631 10295 664 10335 t&
675 10302 718 10328 non
725 10303 775 10343 qua·

313 10339 355 10383 litas
366 10340 459 10384 secunda.
481 10347 534 10385 Tum
548 10346 561 10385 li
572 10343 652 10388 essentia
665 10347 776 10400 putredinis

313 10403 362 10452 petit
376 10406 423 10454 poni
442 10404 461 10442 in
474 10399 559 10444 secunda
572 10404 657 10459 quadam
675 10403 778 10460 qualitate,

314 10456 347 10496 vel
356 10458 397 10499 hac
411 10458 432 10499 fit
444 10456 455 10499 a
465 10457 505 10500 solo
515 10460 594 10511 calore,
607 10464 638 10503 vel
648 10462 674 10504 ab
685 10462 728 10504 aliis
736 10466 775 10519 pri.

313 10517 350 10555 ruis
361 10514 506 10571 qualitatibus:
521 10517 534 10558 sr
550 10520 575 10560 ab
591 10519 646 10565 aliis,
663 10519 692 10560 est
707 10534 775 10563 contra

316 10572 442 10615 Aristotelem
454 10604 459 10622 ‚
470 10574 526 10630 quid
538 10574 650 10618 solocalote
659 10579 720 10619 docet
734 10579 775 10621 fieri

312 10634 442 10685 putredinem
454 10652 459 10674 t
473 10635 486 10675 st
499 10634 519 10674 fit
533 10631 544 10674 ὲ
555 10633 594 10674 solo
606 10636 686 10686 calore,
704 10637 736 10677 vel
748 10638 777 10679 est

313 10687 383 10731 levitas
393 10721 398 10738 ‚
408 10690 439 10731 vel
451 10695 529 10742 raritas,
541 10693 573 10732 vel
584 10697 681 10742 tenuitas,
695 10694 727 10734 vel
741 10696 777 10737 aliu

313 10742 398 10787 secunda
408 10753 528 10802 proveniens
540 10749 624 10792 seniore
636 10767 641 10796 5
654 10758 674 10794 &
691 10753 723 10792 hae
734 10767 777 10794 om-

816 10234 943 10287 probavimus
956 10255 961 10277 2
974 10237 1029 10292 Ergo
1046 10239 1104 10280 restat
1122 10272 1127 10289 ,
1146 10257 1167 10282 ur
1184 10242 1276 10286 consistat

817 10293 837 10330 in
847 10292 949 10333 deunione
962 10298 1047 10348 partium
1058 10298 1189 10342 materialium
1202 10302 1223 10342 in
1238 10316 1276 10357 op-

815 10348 882 10403 positis
893 10351 1007 10405 patibiiibus.

844 10407 1069 10453 Probatursecunddex
1076 10413 1276 10468 Aristoteletprtaettor¹

816 10464 889 10506 Codro
898 10473 930 10514 ,ἃ
942 10469 1026 10523 putredo
1035 10468 1079 10513 suut
1089 10473 1192 10513 contraria:
1203 10477 1276 10515 mixto-

816 10537 861 10562 rum
869 10528 1011 10581 proprietates:
1027 10530 1064 10569 Sed
1077 10533 1157 10577 eosne,
1172 10546 1195 10572 ut
1208 10532 1276 10585 proba·

815 10583 892 10628 vimus,
900 10581 987 10624 consistit
995 10586 1016 10623 in
1028 10588 1101 10628 unione
1108 10591 1128 10628 in
1138 10587 1232 10645 oppositis
1241 10604 1276 10646 pa-

816 10638 904 10680 tibilibus
920 10660 924 10681 :
944 10643 996 10698 Ergo
1004 10640 1094 10697 'putredo
1108 10645 1145 10691 stur
1163 10650 1185 10687 iu
1200 10647 1276 10696 illorum

816 10710 923 10740 ueunrone.

846 10754 945 10797 Probatur
966 10755 1024 10799 tenid
1045 10775 1049 10797 :
1066 10762 1085 10802 Si
1101 10762 1211 10815 putredinis
1228 10768 1276 10805 ratio

312 10817 347 10844 nes
364 10808 408 10846 lunt
427 10811 511 10860 cognitae
531 10812 552 10847 δέ
565 10813 687 10851 nominatae:
702 10809 736 10850 vel
749 10811 776 10853 est
786 10825 806 10865 D
816 10827 858 10853 non
873 10811 931 10855 staret
942 10816 961 10855 in
976 10819 1059 10869 partium
1068 10820 1276 10871 deunione‚maxirud

314 10859 359 10902 flur
375 10895 380 10912 ,
394 10867 415 10904 δι
428 10864 488 10905 nulla.
513 10869 568 10907 Tum
581 10866 593 10906 li
609 10869 692 10921 putredo
705 10867 734 10909 est
748 10866 776 10910 se-

313 10922 379 10963 cunda
389 10922 471 10976 qualitas
480 10927 601 10979 proueniens
609 10924 620 10966 a
627 10926 702 10973 calore,
710 10928 776 10981 quod·

313 10976 361 11020 libet
375 10983 462 11021 mixtum
469 10981 555 11023 calidum
564 10981 615 11023 illam
627 10984 746 11037 produceret
756 10987 777 11025 in

313 11032 348 11083 se,
360 11036 411 11079 licut
423 11040 514 11092 producit
524 11041 607 11095 reliquas
619 11040 716 11083 secundas
728 11055 777 11097 qua·

314 11092 390 11142 litates,
400 11109 444 11151 quae
458 11099 577 11152 proveniunt
586 11096 598 11139 ‘a
608 11099 684 11149 calore,
698 11103 719 11144 ,ἃ
728 11115 777 11143 cou-

314 11150 421 11207 sequenter
431 11158 500 11196 omnia
510 11160 570 11198 mixta
577 11157 640 11199 calida
649 11157 778 11213 putrefierent

316 11206 399 11264 semper.
408 11214 462 11253 Tum
471 11214 521 11268 iguis
529 11229 565 11269 per
573 11213 629 11257 suum
637 11216 725 11258 calorem
731 11231 777 11272 pro‘

316 11267 371 11311 ducit
379 11270 513 11312 intennffimas
526 11286 597 11313 omnes
608 11271 703 11316 secundas
711 11275 777 11330 quali-

817 10873 882 10925 quia,
900 10887 920 10911 ut
931 10872 1001 10913 dieunt
1013 10875 1131 10923 Carreum,
1144 10881 1164 10917 &
1179 10882 1276 10921 Matamo

816 10942 862 10973 ros,
872 10929 897 10970 ab
904 10929 946 10983 ipris
956 10930 1112 10974 demonstratum
1124 10932 1176 10981 fuit,
1187 10951 1228 10978 non
1236 10939 1276 10979 dari

816 10988 837 11025 iu
852 10989 918 11027 mixtis
936 10987 980 11028 tales
991 11002 1054 11042 partes
1067 10993 1176 11033 materiales
1191 10994 1276 11036 elemen-

817 11057 895 11086 torum:
904 11045 943 11087 Sed
954 11059 1025 11085 eorum
1036 11046 1170 11092 fundamentis
1179 11054 1276 11099 eonvidis

817 11115 854 11142 nos
862 11100 1040 11145 demonstravimus
1051 11121 1113 11149 ronti.
1121 11106 1201 11162 Resolut.
1209 11112 1276 11152 Medic.

816 11163 907 11202 omnium
925 11161 1072 11205 elementorum
1089 11166 1197 11209 materiales
1212 11183 1276 11224 partu

816 11216 925 11261 necessario
932 11221 1064 11263 admittendas
1072 11221 1111 11265 effe
1120 11226 1141 11264 in
1151 11228 1205 11267 omni
1214 11229 1276 11268 mixro

817 11275 907 11330 perfetio
920 11295 924 11316 :
938 11279 992 11331 Ergo
1001 11282 1022 11319 de
1031 11279 1082 11321 hauc
1094 11282 1216 11327 deunionem
1226 11285 1276 11326 fimi·

316 11339 369 11367 tates
379 11354 384 11370 t
396 11342 440 11383 qua
453 11344 525 11385 petunt
537 11331 580 11373 fieri
591 11329 676 11373 dcalore
685 11339 718 11379 ,ἃ
727 11348 776 11375 con·
792 11350 806 11390 p
819 11334 864 11374 liter
877 11333 917 11376 effe
929 11335 1044 11391 poffrbilem-

316 11380 423 11437 sequenter
434 11390 551 11441 produceret
563 11387 618 11429 istam
627 11393 778 11440 innominatam,

847 11393 948 11434 Probatur
958 11393 1032 11449 quarti>
1044 11411 1048 11433 :
1060 11397 1146 11439 Putredo
1158 11399 1179 11441 fit
1188 11389 1222 11456 pei
1234 11400 1276 11447 hoc=

316 11445 337 11483 dr
347 11442 404 11484 smol
414 11457 449 11499 pet
460 11446 510 11488 illam
521 11449 571 11502 ignis
581 11446 713 11502 putresceret,
721 11451 777 11504 quod
817 11450 875 11503 quod
889 11464 953 11506 partes
967 11453 1056 11495 humidae
1069 11457 1090 11496 in
1107 11459 1204 11515 principio
1215 11471 1276 11513 putre·

316 11497 344 11547 ,ess
364 11514 434 11543 contra
453 11504 566 11547 dodrinam
586 11504 697 11548 Aristotelis
716 11507 777 11561 lib.4.
817 11506 993 11564 dinisleparataed
1006 11512 1234 11558 terreisdeferanturin
1246 11514 1276 11556 su-

316 11570 386 11598 mmor.
402 11562 439 11615 qui
451 11561 510 11605 docet
520 11565 590 11606 omnia
603 11561 657 11621 posse
674 11564 777 11620 putrefieri
817 11564 920 11619 perficiem
932 11570 972 11617 rei,
981 11583 1026 11623 quae
1034 11569 1142 11628 putrescit:
1157 11576 1221 11630 inquit
1227 11577 1276 11616 euin

317 11625 387 11667 praeter
397 11618 465 11672 ignem
479 11638 484 11660 z
498 11628 518 11666 &
531 11620 601 11665 suadet
613 11626 671 11669 ratio,
679 11626 726 11677 quia
735 11639 777 11666 non
816 11622 933 11668 Aristoteles
949 11627 1008 11681 liba·
1016 11642 1086 11670 mercor.
1101 11641 1140 11684 cap.
1150 11648 1166 11674 1.
1187 11632 1276 11687 Quartus

318 11669 347 11712 est
364 11688 457 11719 exiemus
471 11678 498 11721 illi
513 11680 587 11731 calor,
601 11678 734 11739 dquoipoffit
749 11682 778 11726 al-
817 11697 855 11721 rem
866 11699 903 11739 qua
910 11682 1117 11743 putrescant,primrlm
1125 11687 1276 11743 humescantde·

308 11750 309 11753 ¹
319 11733 384 11771 aerari.
816 11739 865 11781 malm
875 11741 974 11796 fictitattm
983 11747 1092 11786 contrahunt
1102 11762 1112 11793 ,ἡ
1122 11746 1177 11787 abiis
1185 11751 1232 11787 enim
1238 11747 1276 11803 for·

817 11802 927 11855 marasiam.
945 11804 970 11844 Et
981 11803 1069 11846 Galenus
1086 11806 1108 11844 dt
1125 11816 1234 11847 attenuante
1248 11810 1276 11855 vi·

816 11862 854 11898 dus
867 11865 953 11909 ratione,
969 11875 1027 11915 ιαμ.
1045 11864 1121 11909 docet,
1135 11876 1206 11905 carues
1221 11864 1276 11909 dura·

817 11916 860 11959 fieri
871 11923 987 11966 teneriores,
999 11922 1117 11963 humiditate
1131 11920 1156 11961 nd
1166 11935 1232 11977 partes
1244 11939 1276 11967 ex·

814 11990 880 12017 ternas
894 11981 984 12020 aurasia:
996 11982 1018 12019 ὅ(
1029 11976 1141 12019 Aristoteles
1150 11982 1224 12024 iterum
1232 11998 1276 12025 con

814 12032 878 12076 firmat
892 12049 987 12087 meatur·
1001 12037 1070 12077 dicens
1084 12053 1089 12074 :
1101 12036 1127 12076 Os
1137 12053 1177 12077 tam
1188 12044 1276 12085 enimam

807 12095 888 12147 parada
896 12097 954 12135 omnia
959 12093 1099 12150 fitciorfffiunb
1106 12098 1129 12145 ὰ
1140 12098 1276 12145 taedentem,

1247 12158 1271 12206 d*
