7350 12967
286 8497 348 8574 34
443 8469 599 8581 Disput
611 8470 641 8555 l.
668 8474 737 8557 De
749 8472 1080 8568 Vita,&Morte.

474 8636 493 8681 s.
522 8616 554 8676 1‘t

316 8722 404 8762 Traditur
416 8738 502 8764 numerus
516 8726 635 8779 testiculorum
645 8725 716 8768 vitari

421 8794 490 8822 nutura
499 8784 603 8837 destinatus.

345 8886 387 8925 Uos
403 8886 622 8946 testictrlosuuicuique
643 8890 746 8933 individuo

345 8943 447 8986 destinavit
455 8961 523 8989 natura
530 8968 534 8989 :
541 8951 615 8989 accinit
624 8978 629 8993 2
637 8947 683 8991 lieet
693 8948 747 8998 rard,

285 9004 342 9054 quod
349 9016 411 9043 uuum
418 9003 494 9059 praelier
501 9035 507 9051 ,
514 9020 546 9049 aut
556 9022 600 9047 tres.
607 9010 708 9049 dinarium
717 9023 747 9049 te-

284 9057 398 9099 sticulorum
407 9076 515 9103 numerum
521 9066 606 9106 admittit
614 9067 748 9121 Hippocrates

284 9120 346 9169 aptari
355 9113 366 9155 ὲ
375 9121 551 9163 natusndexttum
559 9124 620 9176 magis
627 9137 663 9176 pro
670 9124 748 9165 mascu-

286 9173 321 9222 lis,
333 9173 428 9217 sinistrum
443 9183 607 9233 progenerandis
615 9179 700 9221 foeminis
712 9198 748 9224 va-

286 9230 332 9271 lete.
349 9234 429 9273 Gemini
444 9234 507 9278 lolent
521 9241 599 9285 vocati,
613 9242 659 9292 quia
667 9238 693 9280 stc
704 9254 749 9296 pto-

752 8612 772 8651 A
788 8604 826 8645 stro
838 8604 899 8647 latete
906 8606 934 8648 est
944 8620 995 8648 vena
1006 8623 1049 8649 orta
1058 8608 1084 8651 ab
1094 8609 1221 8667 emulgente,
1228 8618 1250 8655 &

785 8666 856 8704 arteria
868 8664 937 8705 ahorta
945 8696 950 8713 ,
959 8680 1003 8721 quae
1011 8671 1030 8707 in
1042 8682 1128 8723 utroque
1135 8668 1200 8711 latere
1208 8685 1251 8711 tnu-

786 8719 824 8762 τιτὸ
836 8722 890 8762 inter
897 8720 916 8763 le
926 8725 1072 8779 complicantur
1079 8755 1085 8773 ,
1092 8732 1112 8769 &
1120 8732 1140 8768 in
1147 8725 1251 8783 progrcffu

787 8782 812 8819 ad
826 8778 909 8827 testem,
921 8781 947 8820 ad
955 8795 1017 8837 quern
1029 8782 1133 8832 seruntur,
1144 8785 1251 8826 eodcmas-

786 8835 894 8892 surgcntes
907 8839 1090 8889 itinete‚deorsum
1099 8856 1135 8897 pet
1149 8846 1251 8897 peritonaei

787 8896 940 8951 produclionem
947 8912 1052 8939 recurrunt
1063 8897 1158 8953 usquead
1167 8900 1251 8943 testiculi

789 8967 899 8995 extremum
909 8956 1047 9012 epidydimum
1057 8958 1144 9005 dic‘tutn,
1156 8961 1213 9013 quod
1223 8958 1251 9000 est

788 9024 860 9066 corpus
865 9013 985 9065 oblongum,
992 9011 1093 9067 utriusque
1102 9015 1154 9055 testis
1160 9032 1250 9056 esttemo

788 9069 903 9116 adhaerens,
916 9073 936 9110 in
944 9071 1010 9112 medio
1020 9072 1250 9126 atiqualitetdeuir'cens,

783 9127 878 9168 'ditatum
888 9142 923 9182 pro
936 9125 1009 9169 lemine
1019 9129 1145 9178 mutuando,
1156 9133 1213 9187 quod
1224 9132 1250 9173 ab

788 9182 830 9239 ipso
841 9188 861 9225 in
871 9200 952 9227 earnem
965 9185 1049 9227 testiculi
1060 9188 1215 9243 perficiendam,
1229 9197 1250 9233 &

790 9242 941 9297 prolificandum
952 9243 1021 9286 fertur.
1042 9251 1077 9286 Ab
1087 9249 1251 9304 epidydimoduo

286 9289 335 9330 duci
343 9293 442 9346 contingit
456 9292 499 9334 ser'e
512 9292 602 9351 semper5
615 9301 635 9337 ὃ(
643 9297 667 9337 stc
673 9311 708 9353 pro
715 9298 749 9338 illis
762 9304 777 9343 B
792 9298 845 9348 vala,
855 9316 918 9341 unum
929 9303 948 9340 in
959 9318 1082 9359 unoquoque
1090 9304 1251 9360 telle,tanquatn

286 9348 306 9387 in
319 9346 353 9388 sua
366 9352 449 9392 cavitate
457 9352 512 9407 quast
521 9353 597 9403 divisis,
609 9356 747 9410 &duplicatis

285 9408 384 9460 contingit
397 9411 403 9456 l
416 9408 462 9449 licet
471 9408 533 9461 rard)
549 9416 619 9454 variari
633 9428 747 9455 numerum.

285 9463 354 9503 Petrus
362 9465 449 9507 notelius
461 9481 508 9507 cent.
517 9469 668 9525 nossetvatoo.
683 9468 747 9511 aderit

285 9517 356 9561 vidisse
369 9536 456 9577 patrem,
466 9531 486 9566 ὅ(
496 9526 570 9577 filiunt,
581 9544 669 9585 quorum
682 9531 747 9583 quivis

284 9592 324 9619 tres
333 9580 402 9621 lrabuit
409 9581 508 9625 testiculos
517 9602 521 9622 z
531 9588 609 9629 vidit&
618 9588 677 9627 aliurn
685 9601 747 9627 unum

284 9638 363 9678 tantum
371 9638 484 9681 habentem.
490 9642 592 9684 Hollerius
599 9643 746 9699 libnaphrmS.

283 9695 359 9747 aliquos
366 9696 457 9737 observat
467 9704 593 9745 unorantltrn
602 9700 692 9743 testiculo
699 9716 746 9742 eon-

284 9749 386 9795 furmatos.
410 9754 483 9797 Caelius
495 9760 627 9813 Rhodiginus
638 9761 692 9801 idem
703 9774 747 9800 nar-

283 9822 313 9850 rat
321 9812 347 9852 de
357 9812 402 9853 aliis.
424 9817 520 9856 Arrianus
532 9814 680 9862 Iurisconsultus
692 9817 746 9872 Spllae

285 9868 311 9908 stc
323 9866 424 9925 contigilse
440 9870 511 9913 scribit.
533 9876 630 9931 Ulpianus
645 9890 691 9916 cum
706 9889 746 9914 uno

284 9924 376 9967 testiculo
387 9942 444 9983 aptos
454 9929 494 9972 effe
507 9935 559 9973 vitos
571 9935 597 9975 ad
609 9934 746 9989 generandum

284 9986 387 10039 approbat.

313 10040 346 10081 fist
354 10045 374 10083 in
382 10044 426 10084 viris
433 10042 522 10085 scrotum
529 10074 534 10089 ‚
542 10060 600 10102 aptus
609 10048 663 10091 locus
669 10048 680 10091 ai
686 10063 747 10090 uatu-

269 10100 305 10139 ‘ra
320 10098 426 10142 destinatus
447 10115 483 10157 pro
503 10105 628 10147 continendis
646 10107 746 10154 testiculis,

284 10171 306 10197 ut
319 10158 401 10199 denotat
411 10159 461 10200 iilius
472 10159 578 10209 structuras
594 10163 622 10204 cst
630 10169 682 10206 enim
692 10165 747 10220 quast

284 10213 384 10263 brtrl'a,aut
391 10217 445 10271 quast
454 10216 555 10260 vasculum
566 10220 747 10269 testiculorumco-

284 10273 342 10313 riacei
356 10272 425 10315 sacculi
439 10275 586 10319 similitudinem
601 10279 706 10329 referens,
725 10295 747 10322 ut

285 10346 340 10373 tenet
353 10334 485 10388 Hippocrates
498 10336 528 10378 aa
538 10352 553 10376 2.
570 10337 591 10376 de
602 10339 656 10379 marl.
677 10339 710 10379 Est
719 10337 747 10379 illi

284 10392 335 10430 cutis
344 10390 425 10445 rugosa,
437 10395 500 10433 tenuis
508 10425 513 10440 ‚
520 10392 605 10435 conflata
615 10408 640 10437 ex
651 10397 748 10444 cuticula,

283 10451 377 10495 decute,
392 10452 443 10489 intra
455 10464 516 10505 quam
531 10458 665 10495 communiter
681 10466 744 10509 gene-

285 10519 353 10545 tantur
367 10504 423 10547 testes
435 10538 440 10554 ,
450 10514 473 10551 ,δὲ
485 10512 614 10551 continentur
631 10526 696 10568 partes
710 10512 746 10553 iliis

284 10558 429 10610 deservientes,
443 10580 463 10605 ut
474 10566 503 10606 est
515 10572 627 10609 communis
638 10574 746 10612 Anatomi·

283 10632 354 10660 cotum
369 10618 459 10663 alstnsus.
483 10627 532 10665 Sunt
544 10626 608 10679 piures
620 10640 683 10681 partes
694 10626 746 10669 telli-

787 9361 949 9413 lpermaticorum
961 9365 1094 9416 propagines,
1109 9363 1182 9404 eodem
1190 9360 1250 9404 adur-

787 9428 836 9469 gunt
848 9418 919 9456 itinere
931 9446 936 9463 ,
958 9431 999 9471 quo
1014 9422 1144 9475 praeparantia
1155 9420 1250 9463 deorsum

787 9471 921 9514 deflectuntur
930 9488 966 9529 per
973 9477 1083 9533 peritionaei
1091 9479 1250 9533 produclionem,

788 9532 923 9587 dicunturque
935 9531 978 9573 vasa
990 9532 1113 9583 deserentia,
1126 9539 1173 9591 quia
1183 9535 1250 9579 semen

788 9590 828 9643 jam
835 9593 955 9644 productum
964 9589 1055 9633 deserunt
1067 9593 1149 9647 obliquo
1156 9596 1216 9635 ductu
1223 9597 1250 9638 ad

788 9645 925 9701 posteriorem,
931 9651 1074 9692 &exteriorem
1082 9650 1156 9692 vellicat
1163 9666 1248 9707 partem,

786 9706 811 9745 ad
821 9705 931 9753 vefficuias,
941 9706 973 9747 seu
983 9705 1069 9761 postrata
1078 9706 1143 9749 semen
1154 9713 1250 9766 reeipien-

787 9765 812 9803 tia
820 9792 824 9806 ,
832 9767 851 9803 &
861 9762 996 9806 conservantia
1005 9779 1041 9819 pro
1054 9768 1098 9807 aden
1110 9771 1248 9822 generationis,

788 9820 857 9876 inquo
869 9834 905 9875 per
914 9822 1110 9877 pencmejaculatur,
1126 9827 1156 9866 Sic
1165 9825 1248 9867 translu-

788 9876 845 9919 limus
858 9879 910 9920 hanc
917 9883 1046 9921 anatomicam
1060 9880 1175 9933 historiam,
1187 9898 1248 9941 quam

788 9934 1124 9995 breviterpriuspetstrinxeramus.

971 10051 991 10095 §.
1013 10048 1060 10089 111.

808 10136 875 10193 Qud,
883 10136 906 10183 <iv
915 10140 1011 10193 quotuplex
1027 10150 1043 10177 tt
1054 10138 1125 10193 testium
1132 10142 1228 10182 occultatio

976 10211 996 10236 W
1006 10209 1059 10238 ‘vm-l.

834 10282 910 10326 Elliutn
922 10285 1028 10327 occultatio
1041 10288 1062 10326 in
1069 10285 1156 10330 foeminis
1163 10288 1196 10330 illis
1206 10304 1248 10331 om·

835 10343 895 10383 nilsns
901 10342 929 10383 est
936 10346 1058 10391 eommunis5
1066 10347 1086 10385 iu
1093 10349 1138 10387 viris
1145 10344 1195 10387 τετὸ
1204 10346 1248 10389 tati>

787 10401 872 10446 accidit,
881 10406 901 10443 &
912 10400 941 10443 est
950 10400 1082 10444 testiculorum
1092 10407 1183 10445 tetradio
1197 10408 1249 10447 iutra

787 10460 883 10513 inguina,
894 10460 921 10499 cle
930 10474 967 10515 qua
978 10458 1118 10517 nullaapparct
1129 10466 1205 10503 mentio
1216 10467 1248 10503 in-

787 10529 815 10555 ter
832 10514 947 10559 vetustiores
959 10518 1051 10560 Medicus
1064 10536 1069 10558 2
1082 10523 1148 10573 paucis
1161 10520 1248 10563 abhinc

786 10575 842 10613 annis
848 10573 914 10628 aliqua
924 10578 1035 10632 aliquorum
1045 10580 1248 10633 appatentruditnen-

787 10645 817 10678 ta,
827 10645 851 10671 ex
861 10634 934 10687 quibus
940 10633 1002 10690 potest
1009 10634 1104 10675 illustrari.
1125 10635 1248 10678 manifestati

283 10678 331 10717 culis
339 10680 471 10721 der'ervientes
484 10686 535 10724 intra
546 10691 643 10735 scrotum,
654 10700 702 10744 quas
714 10701 744 10727 re·
754 10698 776 10739 D
788 10689 879 10730 videntur
892 10690 951 10732 testes
966 10695 986 10732 in
999 10694 1047 10732 viris
1061 10695 1109 10734 dum
1119 10699 1249 10736 continentur

283 10734 365 10776 tulimus
372 10750 431 10779 torui.
436 10748 509 10792 partu.

312 10795 392 10835 Harum
405 10802 492 10852 partium
506 10798 549 10839 talis
562 10799 589 10840 est
605 10799 744 10843 conformatio.

283 10850 313 10891 fit
324 10848 408 10893 scrotum
417 10870 441 10895 cs
454 10857 549 10906 curicula,
557 10861 578 10898 δε
589 10872 645 10906 cute,
654 10865 674 10901 δε
682 10874 707 10900 cx
716 10859 745 10900 se-

283 10910 391 10952 cunt-tan
403 10915 454 10955 dicet
466 10912 545 10955 carnosa
553 10948 558 10964 ‚
567 10931 609 10959 ortu
618 10914 629 10956 a
637 10918 746 10971 panniculo

283 10966 370 11015 carnoto.
401 10974 496 11012 Ptaeterea
514 10970 559 11015 lunt
574 10978 685 11031 unicuique
701 10975 745 11017 testi

253 11053 260 11059 -
283 11028 368 11080 proptiae
377 11027 417 11070 aliae
430 11031 508 11070 tunicat-
525 11033 603 11073 Tunica
611 11036 709 11090 erythrois
716 11036 745 11075 di·

283 11084 313 11126 cla
320 11082 349 11124 est
357 11099 400 11140 quae
412 11084 477 11143 prirnd
486 11087 595 11131 testiculum
605 11092 679 11137 ambit,
691 11099 712 11135 &
724 11093 745 11133 li·

283 11141 326 11183 mnl
334 11140 447 11198 r'permatica
455 11143 499 11188 vasa
506 11143 567 11201 usque
573 11150 745 11203 superinstrauit,

284 11200 340 11255 cujus
349 11199 378 11242 est
389 11204 498 11255 produdtio.
521 11207 613 11248 Secunda
625 11222 650 11248 ex
660 11213 744 11264 propriis

283 11262 355 11299 tunicis
366 11259 447 11301 testiculi
455 11264 529 11303 dicitur
542 11265 617 11305 Durtos
629 11285 634 11306 z
648 11265 744 11322 superad-

283 11314 334 11357 dunt
349 11317 380 11357 alii
393 11321 469 11361 tertiam
482 11319 545 11376 prope
559 11324 690 11378 attingentem
702 11340 745 11367 car-

786 10747 806 10785 in
815 10752 889 10796 ierom,
903 10751 924 10789 in
934 10765 974 10805 quo
986 10749 1035 10790 vilui
1043 10780 1047 10795 ‚
1055 10755 1073 10791 dv
1081 10754 1139 10793 :ten
1146 10766 1248 10808 apparent.

787 10804 894 10859 Contingit
907 10822 986 10855 tamen,
999 10810 1053 10863 quod
1066 10812 1115 10850 intra
1124 10811 1208 10865 inguina
1218 10827 1249 10853 re·

787 10863 842 10902 tracti
851 10877 986 10918 perinaneant,
993 10873 1013 10908 dt
1020 10867 1062 10910 lracc
1071 10867 1206 10909 litnsmutatio
1214 10884 1249 10910 vo-

787 10934 841 10960 catur
856 10920 992 10965 testiculorum
1005 10925 1126 10972 occultatio,
1139 10928 1187 10981 quia
1202 10929 1248 10972 clrm

787 10976 874 11027 constet,
885 10996 927 11022 non
935 10978 1076 11023 elicerttaclos
1085 11014 1090 11031 ,
1099 10987 1147 11024 utin
1157 10984 1248 11039 spadoni·

788 11035 835 11084 bus,
843 11050 881 11079 nec
890 11037 1005 11081 in'luoloco
1013 11055 1143 11097 permanete,
1152 11040 1184 11083 sed
1196 11047 1249 11085 intra

787 11096 870 11149 inguina
878 11097 1066 11146 occultentur‚citm
1077 11114 1118 11140 non
1125 11099 1249 11143 abcmnibus

787 11152 935 11208 cognoscantur
949 11160 970 11197 in
982 11155 1014 11198 illo
1024 11157 1059 11198 fitu
1072 11189 1077 11206 ,
1089 11172 1128 11197 nec
1143 11155 1186 11199 satis
1199 11174 1249 11201 con-

787 11209 838 11259 stet,
852 11226 876 11255 an
891 11213 918 11255 ibi
930 11214 966 11256 fint
978 11214 1076 11264 conclufi,
1093 11229 1118 11255 an
1130 11229 1249 11273 apparentes

786 11282 811 11309 ex
825 11269 860 11310 illis
870 11286 961 11319 tumores
971 11272 1009 11314 sint
1019 11271 1087 11328 abalia
1096 11271 1153 11315 causa
1160 11306 1166 11325 ‚
1174 11276 1209 11331 ipsi
1216 11292 1249 11319 oe·

787 11325 836 11369 culti
845 11330 968 11383 judicantur.

284 11386 331 11415 netu
341 11374 401 11417 testis.
421 11378 629 11435 Epidydimamvocat
641 11382 773 11431 illarum-E
818 11385 1026 11431 Testiurnoccultatio
1037 11392 1113 11433 invitis
1125 11389 1154 11432 est
1165 11390 1249 11448 duplex,

282 11430 338 11472 dreas
351 11436 468 11477 Laurentius
480 11456 486 11480 τ
499 11436 590 11494 plerique
602 11454 645 11482 eam
657 11455 697 11483 non
713 11445 744 11484 di-

282 11485 386 11544 stinguunt
393 11492 417 11534 ab
425 11506 450 11533 ea
458 11508 505 11549 quac
517 11510 599 11539 vocatur
606 11501 683 11540 Dartos
710 11502 745 11543 De

282 11560 382 11590 contenta
392 11553 411 11591 in
428 11550 464 11592 illis
478 11552 584 11597 substantia
595 11557 636 11611 jam
651 11557 745 11607 diximus,

282 11606 341 11657 quod
352 11606 379 11648 est
386 11621 433 11649 cato
439 11610 512 11658 mollis,
521 11613 627 11657 cavernosa
634 11646 640 11663 ,
647 11615 746 11670 glandula

282 11661 360 11715 smilis,
372 11669 393 11706 in
401 11679 442 11720 qua
450 11671 568 11723 producitur
576 11669 651 11715 semen·
666 11677 704 11715 Pro
712 11675 745 11716 illo

281 11718 400 11767 deserviunt
411 11721 442 11765 sex
455 11725 498 11769 vasa
519 11748 527 11771 :v
546 11726 634 11785 quatuor
649 11734 746 11774 dicuntur

279 11774 411 11833 spermatica,
422 11789 550 11838 praeparantia
561 11817 566 11831 ,
577 11793 598 11829 &
610 11792 746 11833 conducentia

279 11834 361 11879 seminis
367 11854 474 11881 materiam.
484 11844 564 11886 Horum
570 11846 659 11890 valorum
667 11851 745 11891 index-

280 11910 314 11936 tro
324 11895 384 11938 latere
392 11896 422 11945 esi
429 11912 481 11939 vena
491 11916 533 11941 orta
542 11901 554 11943 al
564 11918 613 11945 cava
620 11905 745 11950 descenden-

278 11956 409 12003 tustanus
416 11964 570 12017 ortaexarteria
579 11964 655 12007 ahotta.
668 11967 745 12010 lufini-

786 11443 822 11484 alia
832 11459 876 11499 quae
883 11446 905 11488 tit
913 11446 938 11487 ab
946 11461 987 11489 arte
999 11477 1004 11490 ‚
1014 11445 1050 11489 alia
1060 11464 1104 11506 quac
1115 11449 1137 11491 lit
1150 11447 1247 11493 alnatura.

787 11501 909 11553 Abartefit,
920 11505 968 11547 dutn
975 11504 1133 11563 restituimur
1143 11520 1214 11550 natura
1219 11512 1250 11552 in·

787 11573 817 11599 tta
826 11558 912 11604 scrotum
918 11561 963 11605 sunt
972 11567 1075 11620 congeniti
1084 11595 1091 11612 ,
1101 11565 1126 11607 al>
1133 11564 1211 11608 artifice
1219 11582 1250 11609 te·

786 11618 892 11659 trahuntur
904 11621 931 11661 ad
946 11625 1027 11678 inguina
1039 11623 1066 11663 ad
1077 11626 1187 11666 curandam
1201 11624 1248 11668 her-

786 11678 839 11717 niam
851 11677 958 11728 zirbaletn,
969 11695 1005 11721 aut
1019 11679 1164 11737 intestinalcm,
1175 11688 1212 11739 qui
1225 11682 1249 11725 il·

785 11732 814 11775 los
824 11735 919 11792 relinquit
929 11741 979 11779 intra
993 11740 1077 11794 inguina
1085 11739 1194 11783 conclusos.
1207 11746 1251 11786 Oc-

785 11791 868 11836 cultatio
889 11793 1026 11839 testiculorum
1048 11793 1060 11837 ὲ
1082 11814 1152 11841 natura
1176 11800 1250 11843 dicitur

785 11852 867 11906 quando
882 11854 993 11896 natura-ob
1005 11854 1128 11899 debilitatem
1141 11860 1205 11899 nativi
1216 11873 1250 11902 ca-

786 11906 832 11950 loris
843 11908 899 11952 telles
912 11916 983 11969 nequit
991 11914 1073 11955 trudere
1084 11914 1250 11963 insctotum,sed

786 11966 828 12008 illos
840 11970 976 12014 conformatos
992 11971 1087 12029 relinquit
1099 11976 1151 12019 intra
1160 11977 1249 12030 inguina

1160 12034 1250 12093 Modiin
