7350 12967
316 8702 400 8785 192
435 8667 598 8782 Displl.
611 8664 681 8748 De
697 8642 1197 8764 Mixti'ir.proprietatib.&c.

312 8803 403 8871 ¹calorem
424 8803 560 8868 excedentem·
582 8796 705 8859 Matamoros
724 8790 807 8857 haneA
821 8807 1270 8832 .----—-—--³·-·-···-

310 8875 417 8961 hasdi
431 8848 775 8961 tttdssrdriltiiddthh

313 8978 353 9019 Sed
362 8977 408 9018 licet
420 8966 638 9027 uegetsuffocationem
646 8979 700 9014 ,non
710 8960 775 9019 potest

312 9048 386 9090 negare
407 9031 462 9086 quod
479 9029 503 9069 ab
522 9026 557 9067 alia
579 9022 681 9064 substantia
702 9020 774 9075 frigida

906 8883 1095 8929 Rusotvrro
1121 8876 1163 8920 XI.
1194 8866 1202 8930 J

850 8987 930 9032 Utrum
948 8979 1066 9028 humiditas
1088 8973 1115 9022 stt
1139 8972 1234 9024 efficiens

312 9093 367 9146 possit
376 9090 447 9130 remitti
461 9084 515 9126 calor
524 9116 529 9130 ,
538 9087 558 9123 δέ
572 9080 605 9123 illd
614 9080 678 9122 ablata
689 9080 774 9124 intendis

314 9148 361 9191 ficut
371 9146 467 9201 frigiditas
474 9143 579 9184 remittitur
588 9142 608 9179 in
619 9134 690 9192 aquari
698 9137 771 9181 calore,

312 9220 354 9262 quo
360 9204 423 9246 ablato
430 9233 436 9250 ,
444 9200 551 9241 intenditur
559 9199 584 9238 ab
591 9198 631 9236 eius
637 9194 706 9235 forma.

344 9265 464 9303 Maraniotos
481 9271 517 9313 pro
532 9254 598 9296 calore
615 9266 650 9307 pet
661 9254 772 9292 cetetonem

313 9318 437 9361 intendendo
464 9316 521 9370 fingit
545 9311 647 9368 quandam
665 9305 773 9350 secundam

313 9376 428 9431 qualitatem
437 9379 469 9422 ‚dc
477 9369 532 9413 simili
544 9371 605 9410 modo
613 9367 668 9408 aliam
679 9380 716 9421 pro
727 9380 772 9422 pro-

313 9434 408 9475 ducendo
416 9431 483 9473 calore
492 9432 511 9470 in
518 9427 629 9483 putredine.

343 9492 382 9532 Sed
388 9488 479 9530 confidete
493 9486 523 9527 har
531 9485 656 9526 innominata:
669 9478 716 9536 qual

314 9545 326 9588 ὲ
339 9548 393 9589 nullo
406 9547 444 9589 alio
452 9549 535 9586 inuentae
543 9555 591 9586 ‚nee
603 9539 638 9580 nist
651 9538 721 9579 abillo
737 9553 772 9593 pto

313 9603 437 9662 subterfugio
454 9605 585 9656 excogitatae,
607 9596 677 9639 frustra
697 9610 771 9651 propo-

315 9678 395 9705 nuntur.
417 9665 472 9704 Tum
482 9663 529 9716 quia
537 9658 591 9699 calor
603 9658 623 9695 in
636 9655 740 9700 coctione,
752 9660 773 9696 δε

315 9723 435 9776 putredine,
447 9732 492 9775 quae
506 9715 551 9757 sunt
571 9715 670 9753 contrariae
685 9742 690 9758 ‚
704 9714 775 9764 nequit

315 9778 370 9819 simul
379 9780 403 9819 ab
415 9780 485 9818 eadem
496 9772 585 9814 secunda
595 9771 688 9824 qualitate
702 9782 775 9822 proue-

314 9838 357 9876 nire
364 9866 370 9883 ‚
378 9835 407 9876 vel
421 9832 453 9873 ssd.
462 9824 612 9877 diuersissime
621 9825 700 9867 diuersae
708 9822 776 9865 secun-

315 9894 345 9933 dae
358 9893 461 9948 qualitates
479 9889 578 9931 contrariae
591 9916 597 9932 ‚
610 9888 630 9924 δι
648 9883 710 9924 altera
723 9881 775 9937 frigi-

315 9949 398 9991 ditatem
407 9949 478 9995 ,altera
488 9946 575 9988 calorem
583 9944 707 9996 produceret.
722 9943 776 9981 Tum

316 10010 363 10062 quia
372 10006 424 10048 illius
437 10002 534 10061 Magister
549 10000 651 10040 Carrcirus
662 9999 697 10038 bas
705 9994 776 10041 secun-

317 10067 351 10106 das
364 10065 418 10106 fictas
435 10068 537 10119 qualitates
558 10062 681 10112 impugnatas
693 10054 777 10109 reliquit,

319 10129 340 10167 dt
355 10122 473 10178 reprobatas.
495 10121 549 10160 Tnm
566 10118 611 10169 quia
629 10115 731 10168 qualitates
746 10109 776 10152 se-

318 10182 389 10221 cundis
402 10181 452 10221 liunt
470 10176 481 10219 a
495 10177 578 10232 primis,
596 10178 615 10214 dt
629 10186 669 10211 non
685 10174 752 10225 primae
766 10168 777 10211 al

317 10236 400 10278 seundis.
423 10240 477 10278 Tum
489 10235 536 10288 quia
548 10229 694 10270 elementorum
706 10226 776 10267 formae

317 10294 453 10336 inclementis
467 10292 580 10349 producunt
594 10284 634 10326 suas
647 10289 719 10340 primas
728 10299 777 10339 qua-

318 10351 381 10395 litates
392 10351 433 10392 fine
443 10348 546 10392 secundis,
561 10348 582 10384 δι
593 10343 618 10384 sic
627 10345 689 10383 mitta
701 10342 777 10397 produ-

318 10423 368 10450 cunt
381 10408 436 10459 illas,
455 10411 500 10465 quia
514 10403 628 10461 producunt
642 10415 663 10440 ut
676 10399 777 10441 elementa

319 10470 434 10511 continent.
445 10473 466 10510 δι
473 10470 491 10507 'm
503 10467 574 10504 virtute
581 10457 729 10500 elementalium
738 10456 777 10498 for-

320 10538 402 10565 marum.
421 10522 497 10566 Tumsi
511 10523 578 10576 primae
588 10514 691 10572 qualitates
701 10516 777 10571 produ-

321 10595 371 10623 cunt
379 10578 496 10630 secundm&
503 10576 592 10619 secundat
599 10577 675 10630 primas,
682 10574 741 10613 datur
747 10575 777 10613 vi-

321 10639 380 10680 tiosus
387 10640 469 10682 circulus
475 10643 496 10680 in
504 10633 582 10678 illatum
589 10630 757 10688 productionibus.

523 10747 542 10792 §·
564 10744 598 10787 11.

349 10838 455 10895 Proptnitur
469 10831 523 10893 caufh
535 10833 633 10887 interstetit
646 10833 710 10873 celeris
725 10832 752 10869 tei
790 10846 810 10887 D

489 10889 613 10949 putrescentis.

320 11015 321 11018 =
372 10980 781 11039 Esolvendum‚quodintendituriurepu-

372 11041 468 11084 trescente
474 11042 528 11083 calor
535 11040 559 11081 ab
567 11040 610 11094 ejus
617 11039 676 11079 mixta
683 11035 753 11077 forma·

352 11101 449 11144 Probatur
467 11117 471 11138 :
490 11103 559 11142 Forma
574 11095 699 11138 substantialis
712 11097 781 11138 mirra,

323 11172 367 11214 quat
375 11160 466 11200 continet
476 11156 580 11197 virtualiter
588 11151 694 11210 igncni,est
702 11165 747 11206 apta
755 11152 780 11191 ad

325 11216 451 11260 intensiorem
456 11214 541 11255 calorem
549 11211 712 11266 producendum,
719 11209 732 11249 li
739 11223 782 11265 per-

326 11275 411 11317 mittatur
421 11271 535 11313 dcoutraria
547 11269 651 11323 frigiditate
662 11285 666 11307 :
681 11268 721 11309 Sed
731 11271 750 11308 in
759 11281 780 11308 re

325 11346 370 11387 quae
386 11327 498 11385 putrescit,
512 11325 602 11369 aufertur
616 11327 781 11382 impedimentum

327 11388 437 11446 frigiditatis
446 11386 527 11430 acalote
538 11398 634 11434 externo,
649 11387 685 11439 qui
692 11382 720 11424 est
727 11379 782 11423 causa

326 11447 434 11503 putredinis
447 11461 452 11483 :
468 11445 520 11499 Ergo
534 11441 617 11485 dfotma
630 11444 690 11483 mixta
702 11443 730 11481 rei
744 11453 782 11495 pu-

326 11501 453 11559 putrescentis
473 11501 582 11544 intenditur
601 11512 636 11552 per
658 11499 784 11554 putredinem

326 11562 384 11605 calor.
406 11560 501 11603 Probatur
515 11563 585 11600 minor.
600 11558 654 11597 Tum
666 11558 714 11611 quia
729 11553 784 11595 dca-

327 11617 369 11661 lore
384 11633 467 11661 externo
481 11647 487 11664 ,
500 11617 512 11658 al
524 11631 567 11672 quo
579 11613 602 11655 fit
615 11616 704 11656 interitus
718 11611 785 11656 caloris

328 11679 387 11719 nativi
398 11675 539 11725 ,resoluuntur
554 11685 617 11730 partes
632 11670 708 11726 frigidae
722 11699 727 11716 ,
741 11684 785 11725 quae

328 11733 464 11790 impediebant
480 11726 565 11775 calorem
582 11728 677 11785 pullulare
692 11725 703 11768 ὲ
717 11726 784 11769 forma.

328 11795 383 11834 Tum
400 11793 446 11846 quia
463 11791 639 11847 pet‘deunionem
655 11789 675 11827 in
692 11785 786 11841 oppofitis

309 11877 313 11881 -
327 11848 438 11906 patibilibus
449 11846 471 11887 sit
484 11846 578 11905 separatio
591 11848 650 11886 etiam
667 11843 785 11899 frigidarum

327 11904 513 11965 partiumlcalidis,
527 11909 547 11945 δι
557 11904 583 11945 ab
594 11907 614 11945 iis
626 11900 692 11943 ablato
700 11902 784 11957 impedi-

327 11979 396 12025 mento
404 11962 426 12005 fit
437 11962 530 12004 intensior
541 11962 599 12003 calor.
620 11962 675 12001 Tum
682 11963 730 12014 quia
740 11958 784 12001 fuli-

328 12020 397 12079 ginosa
404 12021 468 12069 calida
477 12032 602 12060 excrementa
613 12032 648 12074 per
656 12019 788 12076 putredinem

282 12126 284 12128 ,
328 12080 405 12122 eleuata
412 12080 496 12135 juvant,
509 12092 531 12117 ut
543 12073 554 12119 ὲ
566 12076 632 12118 calidis
638 12074 725 12130 partibus
732 12079 789 12123 mixti

327 12135 409 12181 resultet
416 12131 575 12181 intensiorealor·

941 9051 1062 9121 putredinis
1077 9044 1146 9094 caula.

1009 9165 1028 9209 s·
1055 9162 1067 9199 l*

827 9256 933 9309 Proponittt
942 9264 986 9306 pais
998 9247 1124 9300 affirmative,
1136 9244 1158 9291 (t
1168 9242 1265 9299 fhlcitrtrtl

863 9352 954 9391 Atreirus
966 9345 1027 9401 inferi
1039 9362 1055 9386 ι.
1064 9361 1079 9385 ι.
1091 9343 1120 9383 tib.
1127 9360 1146 9396 4.
1154 9340 1239 9396 disputa.
1246 9340 1268 9379 de

862 9409 955 9464 putredine
969 9437 974 9450 ‚
989 9404 1071 9445 adducit
1086 9400 1193 9443 Valleriuru
1207 9399 1237 9437 lib.
1249 9413 1268 9450 4

718 9483 772 9522 impes
785 9475 800 9514 Β
813 9481 883 9507 metere.
894 9462 1009 9506 asserentem
1024 9459 1164 9501 humiditatem
1173 9454 1211 9496 effe
1222 9471 1269 9497 cau-

811 9524 850 9566 sam
864 9524 980 9565 efficientem
993 9519 1107 9575 putredinis.
1129 9517 1194 9571 Qud
1207 9517 1269 9555 inten-

812 9584 841 9623 dit
856 9581 944 9623 suadere.
966 9581 1020 9619 Tum
1033 9571 1115 9631 primb,
1131 9575 1178 9628 quia
1189 9587 1218 9612 res
1229 9585 1269 9626 pu-

812 9636 898 9683 trescunr
906 9637 979 9679 facilius
988 9639 1009 9675 in
1019 9638 1065 9675 a'e're
1079 9632 1141 9673 calido
1151 9660 1156 9676 ,
1169 9637 1190 9673 ἃ
1205 9631 1270 9670 humi.

814 9698 847 9738 do.
870 9700 924 9737 Tum
944 9690 1034 9734 secundi>
1053 9723 1059 9738 ,
1076 9694 1122 9744 quia
1140 9687 1162 9728 fit
1183 9689 1269 9742 putredo

814 9757 864 9797 dum
879 9754 986 9796 humidum
998 9747 1113 9803 exsuperat,
1123 9749 1143 9786 &
1160 9748 1220 9787 vineit
1228 9747 1269 9787 'ca-

814 9813 882 9853 lotcm¹
903 9813 957 9851 Turn
973 9804 1045 9855 testib,
1054 9808 1100 9860 quia
1112 9802 1225 9845 Aristoteles
1233 9816 1270 9856 po-

815 9873 844 9910 nit
858 9868 945 9910 calorem
961 9897 965 9909 ‚
984 9862 1158 9906 &humiditatem
1176 9861 1269 9913 relinquit

815 9941 912 9982 tanquam
920 9938 987 9966 notatu
1000 9943 1004 9965 :
1019 9923 1070 9976 Ergo
1083 9922 1129 9975 quia
1135 9918 1221 9960 efficiens
1232 9931 1268 9972 pu-

813 9986 864 10026 dinis
871 9980 927 10025 causa
935 9980 1045 10023 iudicanda.

843 10042 944 10083 Carteims
957 10038 1003 10080 loco
1019 10040 1079 10078 citato
1095 10048 1151 10077 tenet
1165 10034 1271 10075 humidita-

814 10114 856 10141 tem
872 10112 973 10140 errternam
989 10110 1029 10136 nou
1041 10090 1080 10134 effe
1092 10090 1169 10133 causam
1182 10093 1271 10147 putredi-

788 10158 846 10199 Cnis
856 10156 987 10202 efficientem,
1003 10156 1049 10207 quia
1062 10149 1117 10191 nullo
1129 10151 1191 10191 modo
1204 10150 1224 10190 id
1237 10163 1271 10203 po·

814 10213 852 10255 test
865 10216 996 10267 contingere5
1007 10225 1043 10251 nee
1056 10208 1068 10247 st
1079 10222 1175 10263 ponamus
1185 10207 1272 10262 putredi-

815 10287 861 10313 nem
876 10274 896 10312 in
910 10272 1010 10311 deunione
1023 10268 1122 10323 partium,
1138 10268 1183 10319 quia
1201 10266 1271 10318 nequit

815 10329 855 10370 illas
867 10330 949 10371 deunire
966 10344 971 10372 ς
989 10340 1025 10367 nec
1042 10326 1055 10365 st
1069 10336 1166 10378 ponamus
1182 10320 1236 10361 illam
1248 10323 1271 10361 in

816 10389 895 10429 interitu
910 10384 988 10433 caloris,
1000 10386 1046 10439 quia
1057 10378 1128 10435 nequit
1140 10380 1195 10422 illum
1206 10380 1272 10418 interi·

816 10458 935 10491 meretrice
948 10441 961 10482 st
977 10453 1072 10498 ponamus
1088 10441 1107 10477 in
1120 10436 1207 10479 secunda
1219 10450 1272 10491 qua-

816 10501 881 10549 litate,
892 10506 938 10558 quia
952 10502 1023 10555 nequir
1031 10498 1081 10540 illam
1089 10497 1200 10550 producere
1208 10514 1213 10536 2
1220 10498 1272 10552 hrgo

819 10560 947 10603 nullomodo.

1013 10658 1030 10702 ἓν
1052 10656 1083 10696 li¹

856 10756 959 10798 eremiticas
973 10754 1066 10795 condierint
1084 10750 1108 10789 ed
1122 10747 1234 10805 putredinem

993 10808 1107 10864 resistendam.

864 10908 1000 10953 Esolucndutu
1023 10902 1088 10961 ptimd
1100 10934 1105 10951 ‚
1118 10903 1175 10960 quod
1197 10904 1275 10944 ratione

865 10969 986 11010 humiditatis
996 10965 1047 11005 valet
1059 10976 1164 11005 extraneus
1180 10959 1232 11001 calor
1244 10962 1276 11000 in-

821 11027 926 11068 tensiorem
936 11020 1012 11067 causare
1019 11023 1150 11078 putredinem.

850 11084 965 11130 Probatur,
986 11082 1006 11122 id
1020 11084 1073 11121 enim
1090 11078 1195 11120 confirmat
1212 11087 1276 11130 cxpe-

818 11145 900 11187 rieutiai
909 11156 953 11184 nam
960 11144 979 11182 in
987 11140 1033 11180 locis
1047 11137 1133 11179 humidis
1140 11168 1145 11184 ,
1152 11136 1173 11175 in
1184 11146 1276 11187 tempore

820 11201 923 11249 humido,
938 11201 968 11244 in,
982 11198 1068 11239 humidis
1086 11194 1174 11235 inbiecris
1194 11189 1276 11232 faciliter

819 11261 914 11314 prouenit
925 11256 1023 11313 putredot
1035 11251 1138 11310 ipsamque
1148 11249 1276 11302 cohiberiper

820 11316 925 11358 fieeitarem
941 11327 1023 11368 apparet
1037 11315 1057 11352 in
1069 11308 1161 11358 metallis,
1172 11305 1276 11362 lapidibus,

821 11374 903 11429 tegnlis,
918 11378 939 11414 &
951 11370 1043 11411 lateribus
1059 11398 1064 11415 ‚
1080 11367 1135 11409 simul
1147 11369 1167 11408 u
1183 11370 1203 11407 in
1218 11363 1276 11404 rebus

821 11432 921 11473 exsiccatis
929 11430 986 11472 fumo
993 11457 998 11471 ‚
1006 11443 1039 11469 aut
1046 11424 1083 11467 sale
1090 11444 1095 11464 z
1102 11424 1128 11465 ste
1139 11427 1197 11465 etiam
1213 11421 1276 11465 Gale·

823 11503 860 11532 nus
877 11490 945 11530 docuit
963 11485 1050 11542 pluribus
1065 11486 1086 11525 in
1105 11482 1151 11523 locis
1167 11479 1276 11536 3.demotb.

797 11533 811 11573 Ε
824 11551 876 11602 vulg.
887 11542 930 11600 sedi.
940 11562 955 11598 3.
967 11547 987 11585 dt
1000 11557 1025 11585 etr
1039 11545 1163 11598 Hippocrate
1178 11538 1248 11594 probat
1258 11540 1276 11579 in

825 11606 912 11646 humidis
922 11600 1096 11645 constitutionibus
1107 11595 1199 11651 subsequi
1215 11610 1276 11653 putre

825 11664 907 11710 dinem,
922 11665 942 11702 ὃ(
950 11663 1015 11702 ventis
1031 11659 1084 11701 siccis
1095 11655 1184 11707 cohiberi
1199 11672 1204 11693 :
1217 11661 1239 11697 δι
1251 11667 1276 11694 ιι,

825 11721 910 11763 Methtd.
917 11720 1059 11775 cap-dinquir:
1071 11713 1147 11755 trimam
1158 11712 1228 11768 quidem
1236 11707 1276 11764 ipset

819 11777 880 11834 flaccos
885 11790 957 11833 propter
968 11777 1093 11818 humiditatem
1103 11773 1126 11819 (i
1135 11770 1245 11825 putredinem
1247 11767 1276 11822 se

824 11838 859 11879 cite
864 11841 960 11893 corrumpit
966 11832 1062 11877 extraneus·
1067 11828 1223 11881 taler.l3tlilt.3.de
1228 11839 1276 11880 timp

824 11898 886 11938 medic.
893 11908 930 11949 etp.
940 11912 956 11934 2.
965 11896 992 11934 ait
1000 11893 1082 11932 :Etenim
1088 11891 1135 11934 talei
1147 11890 1194 11927 citra
1203 11886 1276 11929 hamat

825 11969 883 11997 tatem
890 11951 1001 12012 puttefhcere
1010 11950 1059 11990 nihil
1069 11945 1128 11986 habet.

1203 12185 1224 12231 ς.
1247 12175 1275 12219 ιιι
