7350 12967
292 8647 373 8723 188
403 8639 573 8755 Displl.
599 8647 666 8731 De
679 8648 1184 8769 Mittor.proprieratib.&c.

282 8765 393 8811 sedimento
414 8775 475 8815 urina
497 8774 613 8818 ostendente
627 8781 748 8828 tottionem,
760 8786 849 8839 Amajns
861 8788 970 8841 periculum
989 8821 994 8838 ,
1013 8796 1033 8833 &
1050 8795 1114 8834 minor
1131 8794 1196 8837 morbi
1212 8795 1248 8841 be-

282 8828 337 8868 nulia
353 8825 416 8883 podet
425 8827 513 8872 recririras
525 8832 605 8876 inserti:
613 8838 651 8877 Sed
661 8841 746 8895 Hippo.
788 8845 880 8899 dignitas.

283 8897 345 8925 crates
353 8901 378 8926 ert
389 8888 420 8927 illo
430 8889 489 8928 dotet
500 8890 564 8931 morbi
571 8890 693 8937 securitatem
702 8911 749 8952 pro·

283 8946 334 8984 mitti
349 8964 353 8984 :
370 8945 421 8998 Ergo
436 8960 475 8986 uon
487 8945 537 8988 fiunt
548 8951 613 8989 coebo
627 8956 647 8991 bc
661 8956 749 9009 putredo

284 9002 337 9041 circa
357 9000 440 9041 divertas
463 9017 527 9058 partes
548 9006 636 9049 eiusdem
657 9015 750 9055 materiae.

259 9057 263 9060 ’
285 9059 383 9099 Probatur
399 9061 461 9099 maior
477 9078 483 9105 5
503 9076 549 9103 nam
565 9063 611 9107 litet
629 9066 670 9110 alia:
686 9083 750 9125 partes

285 9115 373 9170 perfet't'e
385 9129 520 9172 coquerentur
535 9148 540 9166 ,
552 9119 615 9176 posset
626 9122 665 9166 esse
672 9131 751 9183 pericu·

284 9172 326 9214 lum
341 9176 358 9213 in
375 9178 481 9228 putredine
494 9178 616 9233 reliquarum
627 9189 720 9236 partium.

316 9229 466 9290 Respondetut,
475 9238 531 9289 quod
541 9251 581 9276 non
594 9239 696 9282 deseendit
704 9256 749 9296 per-

295 9292 360 9329 eaium
375 9291 506 9333 redimentum
520 9294 572 9342 >nisi
585 9295 622 9337 sint
639 9300 660 9338 in
677 9303 748 9341 maiori

284 9359 368 9387 numeru
378 9361 442 9408 partes
451 9363 495 9403 quae
503 9364 617 9405 coquuntur
625 9384 631 9401 ,
640 9354 703 9411 qn'am
710 9358 748 9399 iila

284 9418 330 9457 qun
341 9412 463 9459 putrescunt,
472 9414 492 9451 b:
500 9408 550 9451 dum
562 9424 625 9465 partes
632 9415 693 9455 cotiae
703 9413 748 9459 sunt

283 9462 305 9502 in
322 9461 392 9502 maiori
406 9478 490 9506 numero
504 9496 510 9513 ,
524 9473 594 9522 nequit
606 9471 633 9511 ob
646 9476 749 9527 pauciores

284 9532 347 9574 partes
357 9521 444 9576 putridas
455 9520 580 9579 supervenire
589 9531 698 9583 periculum
704 9547 710 9575 5
721 9531 750 9572 cst

284 9579 338 9619 enim
351 9580 451 9632 optimum
461 9579 592 9625 sedimentnm
604 9616 609 9633 ,
620 9589 711 9642 quodest
719 9589 747 9628 al-

285 9633 334 9677 bum
343 9666 348 9683 ,
356 9634 402 9677 leve
413 9640 434 9677 R
444 9640 532 9694 aequale,
547 9646 568 9681 dc
579 9656 696 9697 permanens
714 9662 750 9702 per

286 9707 351 9734 torum
365 9694 429 9735 morbi
441 9696 563 9746 decursum,
583 9715 628 9741 cum
648 9718 690 9758 quo
708 9719 749 9748 non

284 9753 406 9805 compatitur
417 9754 526 9809 malignitas
537 9761 647 9811 putredinis
657 9761 736 9803 febrilis.

313 9810 374 9849 Dices
388 9809 448 9852 tertii)
459 9828 463 9849 :
474 9814 492 9852 s‘i
503 9818 565 9855 cociio
580 9814 602 9856 fit
618 9822 671 9859 circa
687 9835 749 9862 unam

283 9877 361 9920 partem
370 9871 455 9908 materne
463 9902 468 9919 ,
476 9873 494 9909 bt
503 9873 589 9926 putredo
597 9875 673 9923 incilia,
684 9881 749 9919 codtio

282 9936 324 9963 non
333 9928 405 9979 porerit
415 9924 479 9967 faeere
492 9927 565 9969 celsare
575 9935 699 9986 putredinem
709 9964 714 9981 ‚
728 9953 749 9978 nr

284 9980 343 10022 docet
354 9981 460 10026 Galenus:
474 9988 527 10043 Ergo
542 9988 593 10030 fiunt
604 9991 624 10031 in
635 9994 749 10036 eademmer

285 10051 347 10093 parre.

315 10096 455 10152 Respondent
464 10134 469 10149 ,
481 10103 538 10157 quod
548 10106 614 10145 coctio
623 10105 668 10150 facit
677 10108 750 10152 cessare

285 10158 425 10207 putredinem,
437 10173 478 10200 non
486 10174 528 10214 quac
538 10160 567 10201 est
577 10166 597 10204 in
607 10165 645 10205 aliis
653 10169 749 10222 parribus,

283 10209 318 10252 sed
332 10226 377 10266 quae
391 10214 469 10256 remrffo
479 10218 543 10259 calore
559 10234 653 10263 extraneo
660 10228 746 10279 partium

283 10267 440 10324 putrescentium
457 10273 520 10328 potest
536 10280 639 10321 emendari
653 10285 673 10321 in
687 10282 723 10323 illis
737 10285 749 10327 ὲ

284 10329 365 10383 proprio
379 10333 464 10385 viventis
475 10334 554 10377 calore,
566 10338 626 10377 modo
640 10353 683 10394 quo
694 10342 747 10381 diui-

283 10398 328 10425 mns
342 10387 361 10425 in
374 10391 471 10444 principio
490 10392 549 10447 hujus
562 10392 700 10444 resolutionis5
715 10399 748 10441 vel

283 10444 340 10496 quod
348 10444 453 10488 imminuto
461 10448 526 10489 calore
535 10452 554 10492 in
563 10463 617 10505 parte
628 10453 745 10508 putreseen-

284 10513 316 10549 te,
325 10499 336 10540 ai
344 10500 437 10545 facultate
444 10519 545 10561 coquente
553 10509 617 10563 potest
628 10512 706 10562 humor,
712 10519 748 10570 qui

285 10557 416 10613 putrescebat,
423 10565 495 10604 iterum
506 10571 606 10622 concoqui
614 10575 635 10612 st
641 10573 750 10615 emendari.

300 10674 738 10695 -----.--.............,,

376 10736 568 10785 Rasoturio
602 10741 659 10787 Vll.

283 10830 366 10876 Utrum
381 10835 404 10877 in
419 10831 481 10882 fabre
498 10835 586 10903 putrida
596 10836 673 10887 salubri
682 10855 746 10896 comg

308 10906 418 10970 pariatur,
433 10907 497 10973 quod
512 10904 537 10954 si:
546 10913 621 10956 mitior
630 10915 653 10956 in
666 10908 723 10956 statu

354 10990 408 11021 cum
420 10974 536 11025 intensiori
549 10981 672 11045 putredine.

494 11078 513 11123 §-
544 11075 559 11114 r.

975 8944 993 8988 s·
1030 8947 1038 8985 l
1053 8947 1067 8985 l.

818 9042 862 9075 Pars
871 9034 986 9086 affirmativa
995 9039 1101 9095 praefiniat,
1110 9045 1132 9091 ὠ
1137 9044 1224 9099 fhscitur.

789 9131 970 9241 REsolvendnm
981 9141 1051 9194 ‚quod
1066 9143 1086 9181 in
1100 9141 1156 9183 febre
1170 9145 1249 9198 putrida

839 9189 910 9233 salubri
927 9195 1009 9237 instato
1027 9196 1087 9238 febris
1100 9199 1129 9240 est
1145 9200 1201 9240 simul
1216 9205 1248 9243 in-

788 9249 861 9290 tensior
874 9254 978 9306 putredo,
998 9255 1118 9311 morbusque
1137 9256 1248 9311 benignior.

787 9309 819 9348 Sic
832 9323 903 9350 tenent
918 9314 980 9351 bravo
993 9311 1148 9355 Salmanritenlis
1158 9319 1177 9355 in
1185 9331 1245 9359 comm.

786 9368 845 9405 ultim.
852 9369 937 9423 prognost-
954 9367 1048 9411 Valielits
1061 9372 1092 9410 lis.
1102 9375 1251 9429 incitativas

786 9428 841 9478 capit·
850 9440 880 9464 ro.
906 9432 962 9480 Vega
976 9426 1007 9466 lib.
1019 9443 1049 9468 ro.
1059 9432 1082 9469 de
1092 9431 1111 9469 di
1126 9445 1150 9469 er.
1162 9432 1249 9485 febrium,

788 9496 825 9537 cap.
836 9497 864 9533 17.
876 9484 941 9524 &alii-

817 9539 913 9582 Probatur
924 9536 990 9595 primb
999 9554 1025 9581 ex
1039 9541 1115 9584 Galerio
1127 9543 1249 9587 lisdetoiias

788 9596 843 9635 morsi
852 9600 965 9654 temporibus,
978 9611 1017 9651 cap.
1025 9614 1042 9650 3.
1057 9601 1089 9642 ubi
1098 9603 1141 9655 post
1152 9619 1189 9644 tres
1197 9606 1249 9646 rela-

788 9667 816 9693 tas
826 9669 941 9696 communes
954 9659 1082 9710 acceptiones
1093 9661 1159 9700 morbi
1173 9667 1250 9719 magni,

788 9709 898 9768 superaddit
910 9715 966 9768 quod
976 9712 1041 9769 porest
1050 9718 1088 9756 dici
1098 9731 1182 9773 maguus
1195 9748 1200 9765 ,
1213 9736 1249 9764 aut

787 9772 861 9822 parvus
873 9774 947 9812 ratione
961 9774 1033 9812 virium
1046 9780 1135 9822 naturae,
1150 9790 1249 9831 qnatenus

789 9825 820 9866 ilia
831 9825 959 9883 exsuperatur
971 9827 982 9869 it
993 9826 1051 9870 causa
1065 9833 1141 9881 morbi,
1153 9835 1184 9874 vel
1193 9834 1248 9878 illam

788 9882 893 9940 exsuperat
902 9903 907 9930 5
922 9888 953 9926 vei
964 9890 1038 9927 ratione
1050 9890 1191 9943 malignitatis,
1200 9906 1249 9947 qua-

787 9957 843 9983 tenus
854 9944 897 9984 hae
908 9941 987 9998 superat
999 9948 1049 9984 vires
1058 9975 1062 9992 ‚
1072 9948 1097 9987 de
1107 9960 1147 10000 qua
1157 9950 1248 10003 loquitur

787 10001 840 10054 [ὡς.
852 10002 874 10041 de
885 10001 962 10055 crtfisus,
973 10016 1036 10057 capa.
1047 10005 1122 10045 docens
1131 10038 1137 10055 ,
1147 10009 1192 10062 quod
1200 10008 1247 10062 fiam

788 10061 854 10113 alique
862 10059 920 10113 febres
928 10073 993 10115 parva
1001 10091 1005 10101 ,
1013 10063 1035 10109 01*
1042 10066 1135 10118 maligne,
1145 10080 1250 10121 quaenunt

789 10116 917 10170 periculosa:
933 10122 971 10160 Sed
986 10123 1006 10159 in
1022 10118 1071 10160 statu
1088 10122 1151 10163 morbi
1167 10122 1249 10166 salubris

788 10189 859 10216 natura
873 10191 940 10216 manet
950 10174 1036 10232 superior
1050 10174 1189 10233 supracuusam
1197 10196 1250 10222 mor-

788 10230 881 10280 bifream,
895 10236 942 10287 quia
954 10237 1019 10289 major
1032 10249 1076 10290 pars
1087 10234 1148 10277 caulae
1161 10239 1250 10281 morbifi-

786 10303 814 10330 ωε
825 10293 933 10344 coquitur,
947 10292 1008 10345 quim
1020 10293 1116 10346 putrefiet
1125 10297 1194 10350 inquo
1206 10296 1250 10347 slat,

787 10348 842 10401 qnod
855 10348 887 10389 fiat
895 10349 974 10389 morbus
981 10347 1062 10391 sttlubris
1075 10368 1080 10390 ε
1096 10355 1150 10406 Ergo
1161 10352 1208 10395 lieet
1218 10354 1248 10396 fe-

787 10405 824 10445 bris
836 10404 858 10446 st
869 10421 915 10446 cum
924 10406 1023 10448 intensiori
1032 10411 1138 10464 putredine
1151 10410 1250 10464 humoris,

787 10466 807 10503 in
816 10466 892 10504 ordine
899 10464 923 10504 ad
930 10464 1111 10519 periculummanet
1121 10467 1236 10524 benignior..

817 10521 913 10563 Probatur
934 10520 1023 10564 seeundb
1042 10537 1066 10565 ex
1085 10524 1165 10566 Galeno
1184 10527 1217 10567 lis.
1229 10547 1247 10569 21.

788 10577 851 10632 aphar.
863 10595 894 10630 3o.
912 10578 946 10620 ubi
963 10580 1010 10620 clim
1027 10584 1161 10638 Hippocrates
1176 10585 1250 10627 docear

785 10638 806 10676 in
819 10634 868 10678 statu
879 10640 944 10678 omnia
955 10633 995 10677 else
1009 10637 1091 10681 fortiora
1105 10671 1111 10687 ,
1127 10639 1184 10682 refert
1195 10645 1249 10684 aeci-

786 10693 853 10734 denria
865 10708 908 10749 quac
926 10693 1008 10735 fortiora
1024 10698 1076 10738 riunt
1087 10729 1094 10746 ,
1107 10698 1157 10740 ficut
1172 10702 1192 10739 ἃ
1207 10698 1250 10756 ipsa

786 10749 845 10791 febris
860 10767 866 10795 s
887 10748 1030 10808 &superaddit
1046 10784 1051 10800 ,
1067 10756 1149 10810 quodsi
1165 10758 1249 10798 morbus

786 10807 815 10848 est
825 10806 903 10851 salubris
915 10812 934 10850 in
952 10810 983 10850 illo
995 10810 1043 10853 statu
1055 10844 1061 10861 ,
1078 10812 1156 10855 necesse
1169 10814 1196 10856 est
1208 10812 1249 10857 dis-

786 10865 893 10920 positiones
905 10861 942 10907 esse
954 10868 1046 10910 meliores
1059 10900 1064 10917 ,
1079 10876 1099 10911 ba
1113 10871 1248 10927 benigniores:

786 10923 840 10978 Ergo
851 10939 898 10965 cum
906 10926 978 10980 majori
990 10929 1095 10981 putredine
1106 10932 1124 10969 in
1134 10928 1184 10971 statu
1192 10945 1250 10971 com-

786 10985 860 11036 patitur
872 10984 935 11038 major
950 10986 1049 11038 putredo,
1062 10993 1083 11030 &
1096 10989 1153 11043 quod
1166 10989 1249 11030 morbus

788 11040 811 11080 sit
825 11038 938 11095 benignior.

817 11098 913 11139 Probatur
924 11096 983 11139 testib
1002 11118 1007 11138 z
1029 11102 1086 11143 Dum
1100 11105 1160 11143 virtus
1171 11102 1200 11144 est
1210 11119 1249 11161 po.

316 11172 358 11209 Pars
370 11169 527 11224 negativaqut'bus
540 11182 630 11225 appareat
637 11168 720 11226 fittderi.
757 11179 778 11221 D
789 11168 862 11220 “siffis
875 11165 899 11197 ω’
916 11159 1041 11200 Vmc‘ndfflu
1055 11159 1160 11210 ffifflbum’
1171 11160 1200 11202 ⁰st
1214 11166 1250 11206 be*

289 11261 405 11365 Vldetnr
414 11296 419 11312 ,
428 11267 484 11321 quod
495 11282 538 11322 pars
550 11272 641 11323 negativa
654 11268 749 11310 tenenda.

339 11320 418 11371 Primb,
433 11327 479 11379 quia
490 11325 581 11368 Galenus
598 11326 627 11368 lib.
641 11325 750 11379 decripsit,

286 11390 345 11431 capp
359 11391 396 11433 pro
407 11376 549 11437 cognoscendo
559 11385 624 11426 morbi
633 11383 682 11427 statu
689 11386 750 11426 docet

284 11436 425 11479 attendendam
434 11437 472 11480 esse
480 11441 661 11498 longitudinem&
670 11445 749 11497 magni-

287 11489 376 11536 tudinem
388 11498 536 11548 accessionum,
551 11498 607 11539 limnl
624 11507 644 11543 ἃ
660 11501 749 11554 maligni-

287 11562 346 11592 tatem
361 11571 366 11593 :
382 11554 435 11609 Ergo
448 11559 467 11597 in
482 11556 531 11598 statu
544 11571 592 11597 corn
602 11558 676 11599 intensa
683 11561 751 11611 malig-

286 11608 346 11649 nitate
361 11624 402 11652 nou
416 11619 548 11670 compatitur,
563 11616 621 11671 quod
633 11616 716 11659 morbus
729 11615 751 11656 lit

290 11662 401 11721 benignior.

318 11725 412 11769 Secundb
426 11731 447 11768 in
463 11731 572 11772 intensione
584 11730 644 11773 febris
657 11731 693 11777 star
705 11733 753 11787 ejus

288 11781 419 11833 periculum:
439 11789 479 11828 Sed
498 11793 518 11830 in
533 11787 583 11832 statu
599 11793 708 11846 putredinis
722 11790 750 11832 est
763 11814 779 11854 E

286 11840 372 11884 intenlio
380 11839 438 11882 febris
446 11860 451 11882 :
461 11845 513 11902 Ergo
521 11854 541 11891 &
548 11849 612 11904 majus
619 11849 735 11904 periculum.

317 11899 403 11945 Tertib,
415 11914 463 11941 tuuc
476 11907 556 11946 morbus
568 11905 596 11947 est
613 11906 713 11953 securior,
728 11911 749 11948 δέ

230 11960 233 11965 “
284 11951 404 12009 benignior,
414 11957 463 11999 dnm
474 11959 553 12004 facultas
564 11965 695 12010 naturalisest
709 11980 748 12023 po-

284 12018 358 12056 rentior
371 12015 397 12057 ad
413 12015 506 12059 morbum
520 12022 659 12068 vincendum:
676 12029 715 12070 Sed
727 12028 747 12066 in

283 12067 334 12125 siaiu
353 12071 458 12130 facultates
474 12078 571 12119 naturales
590 12085 664 12123 ratione
681 12083 747 12130 morbi

243 12144 246 12145 ⁷
282 12134 420 12175 antecedentis
440 12131 486 12176 sunt
496 12135 609 12190 'debiliores
621 12155 626 12177 r
637 12143 701 12199 'Ergo
709 12141 745 12193 -esl

286 12199 329 12221 γε,
432 12202 434 12206 ’
513 12202 515 12205 ’

790 11216 870 11268 nignior
885 11214 950 11255 morbi
965 11215 1025 11258 status
1037 11237 1042 11258 :
1059 11219 1096 11259 Sed
1107 11219 1128 11258 in
1142 11218 1196 11261 febre
1211 11237 1250 11278 pu-

789 11271 839 11312 trida
856 11270 927 11313 salubri
940 11274 1001 11314 virtns
1013 11274 1040 11315 est
1056 11279 1176 11331 potentior:
1195 11280 1250 11335 Ergo

789 11326 849 11369 status
863 11330 927 11371 morbi
939 11330 1049 11385 benignior.
1070 11332 1166 11376 Probatur
1177 11339 1250 11380 minor:

789 11389 845 11428 Tum
862 11389 910 11441 qnia
926 11387 1054 11442 perfectiores
1068 11404 1163 11448 apparent
1176 11397 1251 11437 coctio.

789 11458 830 11484 nes·
852 11446 907 11488 Tum
918 11449 965 11501 qnia
979 11450 1000 11488 in
1019 11447 1089 11491 salubri
1099 11450 1171 11492 morbo
1185 11452 1250 11509 plures

790 11516 855 11557 partes
861 11506 944 11546 materiae
952 11506 1057 11550 morbificae
1064 11522 1187 11564 coquuntur.
1195 11515 1251 11555 Tum

789 11562 837 11614 quia
851 11560 939 11602 Galenus
951 11566 971 11602 in
983 11580 1042 11605 comm.
1051 11564 1131 11622 sentent.
1141 11584 1170 11619 29.
1190 11569 1222 11609 lis
1231 11587 1251 11612 2.

789 11617 851 11673 gabar.
861 11614 922 11661 asserit
929 11651 935 11669 ,
942 11634 967 11661 eo
977 11636 1069 11680 tempore
1078 11624 1169 11667 fortiores
1174 11624 1212 11668 esse
1220 11626 1252 11670 fa-

791 11676 873 11717 cultates
884 11678 975 11728 vitalem,
987 11688 1008 11725 &
1020 11682 1141 11733 naturalem,
1153 11681 1251 11729 literani-

789 11735 844 11776 malis
853 11749 946 11792 appareat
954 11738 1047 11782 debilior.

843 11938 945 11981 Solvuntur
955 11951 1063 11996 argumenta
1070 11940 1127 11995 primi
1136 11942 1202 12000 possm

847 12031 870 12071 D
880 12032 966 12085 primum
975 12029 1125 12085 respondetur,
1136 12037 1195 12091 quod
1207 12048 1250 12078 uon

766 12110 769 12112 Δ
846 12090 888 12138 agit
906 12087 996 12130 Galenus
1010 12088 1035 12129 de
1046 12088 1103 12132 febre
1112 12091 1202 12142 salubri,
1217 12092 1251 12136 sed

784 12142 811 12185 de
825 12138 913 12201 maligna
928 12151 967 12193 ,sc
983 12145 1069 12196 lethatii
1088 12149 1120 12193 vel
1132 12154 1189 12211 quod
1203 12150 1251 12197 licet

1156 12223 1250 12268 appareat
