7350 12967
327 8638 414 8717 134
505 8610 699 8723 Disputl.
723 8610 1121 8711 DeVita‚&Morte.
1184 8614 1195 8621 ”

317 8742 375 8783 rietes
384 8743 522 8800 Templorum.
546 8744 623 8788 Placuit
632 8746 811 8804 enimtorporaA
824 8744 871 8789 berit
885 8746 962 8804 sepeliri
973 8764 1069 8805 tanquam
1084 8752 1147 8791 homo
1158 8780 1165 8798 ‚
1175 8750 1210 8804 qui
1222 8746 1280 8791 resur·

318 8798 460 8843 defunctorum
468 8818 508 8844 non
516 8806 536 8844 in
549 8803 630 8846 urrirtcrs
644 8805 736 8861 sepeliri,
750 8805 783 8847 sed

317 8857 345 8897 de
357 8856 403 8898 soris
411 8864 462 8900 circa
477 8875 557 8901 murum
570 8881 574 8902 :
590 8869 611 8905 ἃ
622 8865 703 8904 tandem
716 8862 766 8905 cons
776 8890 783 8897 -

317 8917 378 8968 quuti
391 8914 436 8957 sunt
447 8914 523 8972 sepeliri
535 8922 585 8959 intra
593 8920 784 8962 Basilicas-Hernici

318 8970 385 9026 plures
395 8988 494 9014 conantur
501 8975 658 9018 Christianorum
665 8993 756 9033 corpora,
763 8983 784 9019 &

319 9026 447 9085 suiipsorum
461 9045 502 9073 nou
516 9034 589 9075 debere
603 9039 623 9075 in
636 9035 784 9093 Bafilicisscpe·

319 9086 350 9127 liri
362 9116 367 9134 ‚
380 9085 444 9129 immo
461 9092 533 9131 necin
549 9089 585 9132 suis
597 9096 732 9143 coemeteriis,
744 9097 784 9136 hoc

319 9159 362 9185 uno
372 9159 444 9187 conatu
458 9177 464 9196 ,
479 9164 500 9189 ut
516 9147 627 9190 Catholicis
638 9149 656 9193 sc
674 9166 784 9207 opponant.

321 9202 423 9257 Georgius
438 9202 552 9246 Uvicleffus
566 9221 592 9247 ex
611 9211 694 9250 Lutlrcri
709 9211 784 9252 doetri-

321 9261 351 9301 uis·
364 9261 405 9300 hoc
424 9262 508 9303 deduxit
526 9265 610 9319 impium
630 9268 784 9315 documentum,

320 9330 390 9359 contra
408 9322 465 9374 quod
485 9320 558 9376 scripsit
576 9324 730 9366 Catholicorum
746 9341 783 9384 ag-

321 9388 369 9415 men
382 9376 489 9419 eonsutans
502 9382 594 9420 statarios
607 9397 699 9424 conantes
708 9399 784 9427 mutare

822 8807 912 8846 redurns
918 8825 924 8851 3
939 8813 960 8847 de
970 8807 996 8847 sie
1004 8810 1128 8863 explicamus
1133 8807 1191 8847 aliam
1198 8805 1280 8850 nostram

821 8858 860 8903 esse
866 8877 957 8905 naturam
964 8864 989 8905 ab
999 8864 1036 8905 illis
1049 8866 1169 8906 distinctam.
1184 8867 1238 8905 Tum
1245 8864 1280 8904 Ca·

822 8920 893 8961 tholiei
901 8926 925 8961 ita
933 8922 1047 8964 honorilice
1058 8926 1079 8964 in
1088 8924 1213 8971 coemeteriis,
1221 8927 1240 8962 ὅ(
1247 8925 1280 8963 ua-

823 8976 881 9017 srlicis
893 8981 984 9033 judeam
994 8995 1081 9023 mortuos
1090 8981 1162 9021 debere
1169 8979 1254 9035 sepeliri,
1264 8995 1280 9020 ur

823 9036 949 9089 prohibitum
959 9037 981 9078 sit
994 9041 1048 9093 apud
1065 9039 1121 9086 illos,
1134 9044 1191 9093 quod
1205 9039 1280 9092 indigni

824 9095 856 9132 tali
868 9094 947 9134 honore
958 9094 1076 9149 sepeliantur
1088 9100 1140 9136 inter
1150 9095 1205 9141 illosj
1217 9097 1262 9136 ideo
1272 9095 1280 9137 d

823 9148 928 9205 sepulturis
939 9154 959 9191 in
969 9151 1024 9194 sacris
1036 9156 1082 9194 loeis
1092 9168 1117 9194 ezr
1131 9155 1215 9195 decretis
1223 9151 1280 9193 sacro

823 9222 869 9248 rum
883 9207 990 9250 Canonum
1008 9212 1142 9253 exeluduntur
1158 9224 1228 9251 omnes
1240 9210 1280 9251 iufi-

824 9265 888 9315 detes,
900 9265 960 9313 ludaei
967 9298 972 9315 ‚
979 9270 1060 9310 Ethnier
1067 9299 1072 9313 ,
1080 9270 1174 9316 haeretici,
1184 9268 1280 9309 haeretico

824 9338 868 9368 rum
878 9338 1020 9379 receptatores,
1030 9325 1152 9373 defensores,
1161 9332 1182 9368 de
1189 9326 1280 9371 fautoresi

825 9379 917 9429 usurarii,
925 9387 945 9422 ἃ
952 9382 983 9423 aiii
991 9383 1065 9425 nefarii.
1080 9387 1133 9439 drgo
1139 9388 1187 9439 quia
1193 9384 1280 9424 fidelibus

320 9428 467 9486 sepulturarum
477 9436 530 9486 loca,
538 9451 626 9493 quorum
633 9440 702 9483 refellit
710 9440 783 9484 funda.
795 9446 810 9486 Β
823 9438 1036 9495 aptiorlcpulturarum
1045 9442 1100 9482 loeus
1108 9440 1180 9496 cst,qui
1188 9441 1280 9480 indecle-

322 9503 399 9538 menta,
409 9491 487 9549 &ipsos
499 9497 631 9550 reprehendit
641 9530 646 9546 ,
655 9502 701 9554 quia
709 9499 784 9542 malunt
823 9495 852 9536 sis
865 9498 993 9538 consecratur
1002 9514 1040 9554 pro
1051 9499 1092 9539 illis.
1110 9501 1164 9540 Tum
1176 9501 1224 9554 quia
1234 9500 1280 9539 Eth-

321 9543 389 9592 ludaeis
409 9548 495 9593 assentiri
514 9556 534 9595 in
557 9551 673 9610 sepeliendis
694 9562 785 9605 mortuis,
823 9553 1280 9611 nicis‚:iquibusinventumsuitertraurbem

323 9604 386 9660 quam
395 9607 508 9651 Catholicis.
540 9606 542 9609 ¹
822 9609 906 9667 sepelire
918 9626 1005 9663 morsos,
1018 9618 1078 9655 tutior
1085 9616 1139 9655 iocus
1150 9629 1192 9654 erat
1201 9618 1221 9654 in
1231 9617 1280 9668 agris

822 9682 910 9711 mortuos
925 9683 1023 9725 reponere
1037 9699 1043 9716 ,
1056 9671 1116 9726 quim
1126 9676 1152 9712 'in
1168 9671 1280 9712 demonum

822 9725 860 9767 suis
870 9728 948 9782 templis
961 9727 1064 9784 sepulturae
1076 9732 1157 9771 tradere.
1174 9731 1228 9769 Tum
1236 9732 1280 9782 quia

1042 9791 1046 9796 '
1073 9787 1077 9806 l
1094 9802 1099 9807 a
1114 9786 1119 9791 ”

319 9810 524 9863 Βενινηιίηιιῑιινψίιὲ
533 9810 578 9848 larus
588 9809 783 9867 aptarirchristianis
822 9797 860 9824 nec
873 9784 948 9834 ‘'hsta“
962 9788 1018 9849 (lUOd
1026 9789 1100 9853 Βόας)
1108 9786 1280 9866 ¹⁸9⁵qu³ynd⁰q⁰c

823 9857 912 9883 mortuos
925 9848 1064 9886 consueverint
1077 9846 1159 9900 sepelire
1177 9859 1231 9885 eitra
1247 9859 1280 9884 ur·

478 9879 511 9921 ΡΜ
525 9864 628 9923 spallam*
824 9900 870 9939 bem
879 9905 936 9956 >quia
945 9901 976 9941 vel
984 9917 1032 9942 tunc
1042 9904 1132 9944 nondum
1143 9901 1242 9943 habebant
1249 9900 1280 9944 sua

374 9952 510 9997 Esolvendum
524 9959 589 10015 primo
599 9992 604 10009 ,
615 9959 671 10014 quod
684 9958 729 10016 post
740 9963 784 10002 Bra·
824 9956 913 10012 templa,
927 9959 957 9999 vel
965 9961 1055 10001 noudum
1068 9960 1093 10001 ab
1101 9960 1190 10001 Ethnicis
1200 9963 1280 10015 permit·

375 10012 458 10053 carensis
475 10013 561 10059 Concilii
577 10014 690 10074 permissum
707 10016 785 10073 semper
825 10014 1003 10059 tebaturillisintra
1015 10018 1084 10059 urbem
1092 10018 1204 10073 relinquere
1211 10016 1260 10060 illos.

323 10084 426 10126 receptum
434 10070 470 10113 suit
478 10076 531 10128 apud
543 10076 669 10121 Catholicos‚
680 10079 737 10132 quod
743 10077 797 10117 illo—

323 10141 368 10168 rurn
380 10130 480 10170 cadavera
493 10130 608 10186 sepeliantur
621 10163 626 10180 ,
639 10135 670 10174 vel
682 10135 734 10176 intra
744 10149 784 10175 co:—
797 10150 815 10191 ρ

322 10188 410 10231 utereris,
417 10188 449 10226 vel
458 10187 543 10230 Basilicas
551 10191 677 10247 templorum,

324 10244 345 10283 in
358 10247 428 10299 aptiori
439 10246 485 10286 loco
497 10260 533 10301 pro
544 10247 653 10304 sepulturis.

514 9723 533 9764 s·
562 9721 596 9761 Il.

1021 10131 1040 10174 §.
1061 10128 1102 10170 Ill.

684 10205 782 10246 tanquam
835 10200 947 10268 Prasdmior
954 10219 1078 10275 patriusrlacus
1083 10213 1268 10272 sepeulturaapparet.

354 10301 451 10342 Probatur
461 10321 465 10341 :
477 10307 530 10346 Tum
539 10311 586 10361 quia
595 10307 620 10348 lie
627 10320 746 10363 receperunt
753 10311 783 10350 Fi·

324 10358 379 10400 deles
389 10374 415 10402 ex
430 10361 538 10412 Conciliis,
551 10368 571 10405 ὅ(
584 10363 674 10407 Ecclesra:
685 10363 785 10421 permissu.

326 10419 381 10459 Tum
395 10421 442 10475 quia
458 10435 498 10461 non
511 10421 574 10463 obstat
590 10424 723 10465 Stelai-rorum
735 10437 785 10464 eon-

324 10477 428 10523 tradielio,
440 10481 475 10533 qui
489 10478 551 10524 sorum
561 10482 613 10523 avidi
626 10482 741 10523 invertendi
751 10496 786 10523 ve-

873 10302 1007 10351 Esolvendum
1020 10305 1109 10350 secundo
1116 10338 1121 10355 ,
1129 10308 1185 10361 quod
1195 10303 1280 10364 sepultu-

874 10379 893 10405 ra
906 10367 926 10404 in
938 10369 1000 10421 patrio
1012 10365 1052 10408 soro
1064 10369 1126 10422 magis
1137 10368 1235 10420 appetitui
1245 10380 1280 10407 no-

824 10421 863 10461 stro
873 10420 902 10461 est
909 10422 1020 10465 conformis.

854 10480 952 10522 Probatur
969 10502 973 10524 :
987 10487 1041 10525 Tum
1051 10485 1097 10537 quia
1106 10479 1131 10523 ab
1138 10481 1198 10523 insitis
1207 10480 1235 10522 est
1242 10498 1280 10523 no-

323 10547 366 10575 ram
376 10534 492 10585 dodrinam,
498 10552 601 10594 opponunt
607 10541 738 10595 antiquorum
744 10553 786 10581 mo·
826 10536 855 10578 bis
867 10537 930 10583 dulcis
945 10553 1000 10582 amor
1012 10545 1083 10597 patriae.
1105 10542 1129 10582 Et
1145 10541 1194 10580 licut
1208 10543 1228 10600 in
1241 10545 1280 10582 vita

325 10605 380 10643 rem,
389 10592 467 10649 sequuti
476 10596 609 10644 uuinton&
617 10595 704 10648 Iudaeos,
715 10614 738 10639 ut
751 10612 786 10654 op-
826 10594 855 10636 est
867 10597 1041 10654 nobisappetirus‚
1055 10600 1081 10639 ol>
1092 10600 1207 10655 quemdum
1215 10601 1280 10638 lomus

324 10661 424 10704 ponantur
438 10652 552 10695 Catholicis.
575 10657 630 10697 Turn
643 10661 690 10711 quia
703 10658 785 10711 templa,
825 10657 845 10695 in
855 10659 933 10696 remotis
944 10657 1071 10711 regionibus,
1085 10660 1176 10715 cupimus
1186 10657 1249 10696 redire
1261 10662 1280 10697 in

324 10709 371 10762 quia
386 10709 503 10763 frigidiora,
515 10712 785 10770 &ampliora‚aptiorasunr
825 10716 921 10768 patriam,
933 10716 986 10768 quari
997 10718 1018 10755 in
1029 10714 1130 10755 sentdmtis
1141 10714 1242 10761 solatium,
1254 10713 1280 10754 sic

325 10767 377 10807 utin
390 10766 427 10808 illis
444 10767 585 10812 conserventur
605 10773 705 10814 cadavera.
728 10777 784 10815 Tum
825 10769 973 10825 &quiescendi
986 10777 1006 10814 in
1019 10772 1051 10813 illa
1064 10773 1105 10828 post
1117 10786 1206 10814 mortem.
1227 10774 1280 10814 Tum

324 10826 371 10877 quia
380 10828 431 10866 inter
444 10828 538 10869 Seeiarios
551 10829 615 10885 plures
629 10830 782 10874 convidifaten-
793 10846 814 10888 D
824 10832 873 10884 quia
889 10829 937 10871 sicut
954 10829 982 10870 est
998 10829 1087 10871 solatium
1102 10828 1214 10871 conversari
1233 10844 1280 10871 cum

324 10896 362 10929 tur,
370 10884 425 10938 quod
434 10884 538 10927 honestius·
545 10886 572 10929 esi
581 10891 600 10929 in
609 10890 697 10946 Templis
703 10886 785 10944 sepeliri,

324 10937 386 10993 quim
398 10956 444 10982 cum
457 10943 513 10984 asinis
526 10948 546 10985 in
562 10957 618 11000 agro.
639 10949 693 10988 Toni
706 10950 755 11001 quia
765 10950 784 10987 in

325 10998 413 11055 Templis
421 11001 516 11044 cadavera
529 11007 592 11057 magis
605 11018 646 11046 tuta
659 11000 702 11046 lunt
712 11002 783 11045 atem-

324 11068 396 11109 porum
408 11058 490 11113 injuriis.
512 11064 567 11102 'sum
581 11064 628 11116 qnia
645 11059 656 11101 d
671 11065 785 11104 damonum

324 11114 469 11159 incursionibus
485 11120 504 11159 in
520 11120 608 11174 Templis
622 11120 665 11161 stint
680 11119 785 11163 securiora.

326 11174 379 11215 Tum
390 11176 437 11232 quia
449 11175 507 11219 Missis
515 11207 521 11225 ‚
529 11183 550 11221 dt
559 11174 675 11231 suffragiis,
689 11193 711 11220 ac
726 11181 785 11219 fide-

324 11227 372 11272 lium
386 11236 509 11276 orationibus
526 11236 546 11277 in
559 11236 649 11292 Templis
662 11235 785 11291 frequentius

317 11291 392 11331 animae
400 11290 542 11335 defunetorum
553 11292 620 11335 valent
629 11295 707 11349 juvari,
718 11295 785 11336 obfi-

323 11346 399 11389 delium
410 11348 544 11406 frequentiam
553 11353 580 11393 ad
587 11350 623 11392 illa
638 11355 692 11394 Tum
703 11368 741 11395 uec
750 11353 785 11395 ob·

323 11401 367 11452 stat,
375 11409 430 11463 quod
438 11422 463 11450 ex
472 11413 578 11466 putredine
586 11408 619 11451 fiat
628 11408 686 11453 soetor
694 11441 698 11457 ‚
705 11412 752 11454 tiam
759 11427 784 11454 ex

322 11466 400 11512 modo,
418 11480 461 11521 quo
475 11468 542 11510 fideles
561 11466 684 11524 sepeliuntur
699 11472 718 11511 in
735 11484 782 11526 pro-

317 11517 446 11566 sundronbus
462 11525 579 11588 sepulturis,
589 11526 641 11568 nihil
657 11526 733 11568 obstare
746 11543 782 11584 po-
795 11549 810 11590 E

322 11587 360 11625 tuit
372 11595 407 11637 per
425 11598 454 11625 tot
467 11586 537 11627 secula.
563 11587 619 11626 Tum
633 11590 680 11642 quia
695 11600 734 11627 nec
745 11586 781 11627 ob-

323 11640 360 11683 stat
371 11638 429 11693 pestis
438 11641 465 11682 ob
479 11644 532 11686 hanc
543 11647 641 11685 rationem
656 11675 662 11692 ‚
675 11651 694 11688 &
708 11647 757 11701 quia
769 11644 783 11686 st

271 11723 273 11725 >
320 11701 437 11752 contagium
447 11704 528 11743 timetur
542 11716 578 11757 pet
589 11706 655 11744 aerem
669 11707 781 11745 communi·

320 11773 399 11804 catum,
410 11756 467 11813 atque
478 11757 540 11815 posset
546 11763 691 11803 communicari
699 11762 710 11805 d
717 11760 783 11817 sepul-

319 11821 369 11859 turis
380 11828 435 11858 extra
444 11816 514 11861 urbem
521 11833 590 11874 parum
597 11818 716 11864 distantibus.
726 11824 782 11863 Tum

320 11872 523 11917 Lutlrcranifanatico
528 11875 605 11918 fervore
616 11891 734 11934 temperato,
741 11894 781 11920 ma-

290 11942 293 11946 “
319 11935 358 11990 jori
367 11949 392 11976 ex
405 11934 492 11987 partead
503 11935 593 11991 antiquas
606 11933 717 11992 sepulturas
730 11939 781 11980 inter

320 11991 379 12034 urbes
387 11991 406 12034 se
413 11990 541 12032 reduxerunt.
549 11991 609 12033 'Tum
621 12009 642 12035 ut
654 12010 709 12038 tenet
716 11998 781 12037 Bren-

312 12053 370 12100 nus,
378 12066 422 12101 uon¹
429 12047 515 12091 honeste
526 12046 648 12105 sepeliuntur
660 12054 751 12097 defundi
759 12056 781 12096 in

316 12122 364 12164 rure
372 12138 378 12158 ‚
387 12121 481 12166 tanquam
492 12106 566 12155 boves,
578 12122 613 12151 aut
628 12108 688 12159 afini,
701 12114 781 12169 quide-

823 10889 975 10942 conlanguineis
984 10894 1003 10931 δί
1013 10891 1080 10930 amieis
1087 10902 1123 10943 pro
1137 10887 1280 10928 necessitatibus

823 10959 867 10998 qua:
880 10948 900 10985 in
913 10949 951 10987 vita
962 10961 1085 10990 occurrunts
1100 10945 1219 10989 similiter&
1231 10961 1280 10987 con-

824 11002 906 11043 fidentia
917 11002 945 11044 est
957 11005 1020 11058 major
1026 11006 1046 11044 in
1055 11003 1089 11043 illis
1100 11003 1142 11060 post
1151 11017 1247 11049 mortem,
1255 11002 1280 11045 ob

824 11058 916 11115 suffragia
929 11076 973 11118 quat
991 11060 1093 11117 sperantur
1109 11076 1133 11101 es·
1150 11061 1191 11103 illis.
1217 11064 1280 11109 Turn,

825 11120 873 11172 quia
883 11133 908 11159 ex
916 11118 968 11162 sacra
976 11122 1050 11175 Pagina
1057 11118 1141 11169 constat,
1148 11121 1239 11173 antiquos
1245 11124 1280 11162 Pa-

825 11192 863 11217 tres
871 11183 927 11219 omni
937 11193 1010 11219 conatu
1019 11174 1135 11233 providisse>
1145 11192 1166 11219 ut
1174 11178 1221 11219 oiim
1229 11193 1280 11219 mor-

825 11239 853 11277 tui
864 11233 938 11285 essent,
949 11237 1143 11292 abAEgyptoeorum
1150 11235 1244 11279 cadavera
1251 11235 1280 11278 se·

824 11293 917 11348 ptlienda
935 11296 1082 11336 deducerentur
1097 11296 1116 11334 in
1132 11296 1232 11349 propriam
1247 11310 1280 11351 pa·

825 11355 888 11393 triam.
913 11354 943 11394 Sic
953 11351 1010 11399 Jacob
1020 11355 1054 11405 ,«&
1065 11348 1134 11408 loseph
1148 11366 1280 11408 procurarunt

825 11414 905 11467 propria
918 11409 958 11451 ossa
970 11407 1111 11451 transferenda.
1131 11414 1186 11453 'sum
1197 11411 1280 11454 Ovidius

823 11466 864 11508 hoc
871 11484 939 11510 amore
949 11470 1020 11511 duetus
1034 11470 1235 11524 3.rrist.eleg.3.eanit:

845 11529 884 11582 ossa
894 11539 953 11567 tamen
956 11526 1015 11582 facito
1020 11540 1083 11583 parva
1089 11526 1193 11581 afferantur
1204 11532 1223 11569 ru
1230 11542 1280 11572 urna.

872 11589 900 11625 Sic
906 11601 936 11641 egr
943 11603 977 11626 non
985 11590 1040 11626 eriam
1049 11600 1127 11627 mortuus
1133 11590 1178 11627 exul
1184 11602 1219 11626 err.

824 11645 879 11686 Tum
889 11645 986 11687 Romanis
996 11644 1034 11687 fuit
1041 11659 1083 11685 mos
1094 11647 1216 11704 antiquum,
1227 11644 1280 11702 quod

823 11705 842 11744 in
857 11701 910 11745 bello
922 11707 996 11745 mortui
1011 11702 1118 11758 sepeliendi
1132 11703 1280 11748 transfereban-

822 11776 856 11804 tur
869 11765 969 11810 Romam²
983 11763 1049 11804 donec
1062 11760 1106 11817 lege
1121 11761 1141 11801 id
1152 11762 1280 11814 prohibitum

823 11823 871 11876 quia
885 11819 931 11861 licet
946 11823 1043 11876 appetitui
1054 11834 1096 11862 erat
1107 11817 1218 11861 conformis
1232 11837 1280 11864 con-

822 11876 919 11928 suetudo,
928 11893 997 11921 tamen
1009 11881 1029 11920 in
1038 11876 1162 11935 Reipublicae
1167 11879 1280 11929 incommo-

822 11938 871 11980 dum
877 11938 966 11981 cedebat.
976 11937 1030 11979 Turn
1037 11934 1280 11989 huicapptumiaffinut·

822 11996 895 12039 bantur
908 11996 1049 12050 consanguinei
1058 12008 1195 12040 mortuorum,
1209 12012 1280 12039 conans

820 12069 849 12095 tes
861 12057 881 12096 in
895 12057 977 12109 patriam
988 12052 1083 12093 reducere
1095 12051 1133 12095 olla
1145 12066 1215 12094 eorum
1228 12088 1233 12104 ‚
1245 12057 1280 12109 qui

820 12115 895 12154 mortui
902 12111 1043 12159 sueramextra
1050 12108 1108 12152 illam.
1121 12115 1176 12155 Tum
1184 12117 1232 12168 quia
1240 12127 1280 12154 non

1201 12167 1280 12214 obstant
