<?xml version="1.0" encoding="UTF-8"?>
<!DOCTYPE html PUBLIC "-//W3C//DTD XHTML 1.0 Transitional//EN"
    "http://www.w3.org/TR/xhtml1/DTD/xhtml1-transitional.dtd">
<html xmlns="http://www.w3.org/1999/xhtml" xml:lang="en" lang="en">
 <head>
  <title>
</title>
<meta http-equiv="Content-Type" content="text/html;charset=utf-8" />
  <meta name='ocr-system' content='tesseract 3.04.00' />
  <meta name='ocr-capabilities' content='ocr_page ocr_carea ocr_par ocr_line ocrx_word'/>
</head>
<body>
  <div class='ocr_page' id='page_1' title='image "./doctorismedicid00ramgoog_0144.png"; bbox 0 0 7350 12967; ppageno 0'>
   <div class='ocr_carea' id='block_1_1' title="bbox 289 8547 1140 8713">
    <p class='ocr_par' dir='ltr' id='par_1_1' title="bbox 289 8547 1140 8713">
     <span class='ocr_line' id='line_1_1' title="bbox 289 8547 1140 8713; baseline 0.005 -31"><span class='ocrx_word' id='word_1_1' title='bbox 289 8606 370 8684; x_wconf 78' lang='lat'>126</span> <span class='ocrx_word' id='word_1_2' title='bbox 441 8601 630 8713; x_wconf 80' lang='lat' dir='ltr'>Disputl.</span> <span class='ocrx_word' id='word_1_3' title='bbox 667 8603 736 8687; x_wconf 89' lang='lat' dir='ltr'>De</span> <span class='ocrx_word' id='word_1_4' title='bbox 753 8547 921 8699; x_wconf 62' lang='lat' dir='ltr'>Vim&amp;</span> <span class='ocrx_word' id='word_1_5' title='bbox 938 8603 1084 8688; x_wconf 86' lang='lat' dir='ltr'>Morte.</span> <span class='ocrx_word' id='word_1_6' title='bbox 1136 8661 1140 8664; x_wconf 92' lang='lat'><em>-</em></span> 
     </span>
    </p>
   </div>
   <div class='ocr_carea' id='block_1_2' title="bbox 280 8727 1239 8790">
    <p class='ocr_par' dir='ltr' id='par_1_2' title="bbox 280 8727 1239 8790">
     <span class='ocr_line' id='line_1_2' title="bbox 280 8727 1239 8790; baseline 0.001 -23"><span class='ocrx_word' id='word_1_7' title='bbox 280 8727 332 8769; x_wconf 77' lang='lat' dir='ltr'>fiunt</span> <span class='ocrx_word' id='word_1_8' title='bbox 346 8730 378 8771; x_wconf 81' lang='lat' dir='ltr'>hae</span> <span class='ocrx_word' id='word_1_9' title='bbox 390 8727 505 8773; x_wconf 83' lang='lat' dir='ltr'>differentiae</span> <span class='ocrx_word' id='word_1_10' title='bbox 518 8729 625 8780; x_wconf 74' lang='lat' dir='ltr'>ordinate,</span> <span class='ocrx_word' id='word_1_11' title='bbox 642 8746 675 8772; x_wconf 86' lang='lat' dir='ltr'>aut</span> <span class='ocrx_word' id='word_1_12' title='bbox 687 8737 741 8774; x_wconf 90' lang='lat' dir='ltr'>inor·</span> <span class='ocrx_word' id='word_1_13' title='bbox 753 8739 771 8779; x_wconf 79' lang='grc' dir='ltr'>Α</span> <span class='ocrx_word' id='word_1_14' title='bbox 784 8737 837 8775; x_wconf 87' lang='lat' dir='ltr'>tione</span> <span class='ocrx_word' id='word_1_15' title='bbox 851 8732 863 8775; x_wconf 67' lang='grc' dir='ltr'>ὲ</span> <span class='ocrx_word' id='word_1_16' title='bbox 877 8737 934 8789; x_wconf 89' lang='lat' dir='ltr'>copia</span> <span class='ocrx_word' id='word_1_17' title='bbox 943 8732 1042 8790; x_wconf 79' lang='lat' dir='ltr'>sanguinis</span> <span class='ocrx_word' id='word_1_18' title='bbox 1051 8764 1057 8781; x_wconf 95' lang='lat'>,</span> <span class='ocrx_word' id='word_1_19' title='bbox 1066 8731 1159 8778; x_wconf 80' lang='lat' dir='ltr'>craffitie,</span> <span class='ocrx_word' id='word_1_20' title='bbox 1175 8733 1239 8786; x_wconf 84' lang='lat' dir='ltr'>gravi.</span> 
     </span>
    </p>
   </div>
   <div class='ocr_carea' id='block_1_3' title="bbox 282 8785 749 9417">
    <p class='ocr_par' dir='ltr' id='par_1_3' title="bbox 282 8785 749 9417">
     <span class='ocr_line' id='line_1_3' title="bbox 282 8785 742 8845; baseline 0.015 -21"><span class='ocrx_word' id='word_1_21' title='bbox 282 8785 359 8828; x_wconf 80' lang='lat' dir='ltr'>dirrare.</span> <span class='ocrx_word' id='word_1_22' title='bbox 381 8793 539 8831; x_wconf 79' lang='lat' dir='ltr'>intermittentes</span> <span class='ocrx_word' id='word_1_23' title='bbox 558 8788 607 8829; x_wconf 78' lang='lat' dir='ltr'>nunt</span> <span class='ocrx_word' id='word_1_24' title='bbox 624 8786 689 8845; x_wconf 84' lang='lat' dir='ltr'>pulsus</span> <span class='ocrx_word' id='word_1_25' title='bbox 703 8794 742 8831; x_wconf 76' lang='lat' dir='ltr'>im›</span> 
     </span>
     <span class='ocr_line' id='line_1_4' title="bbox 282 8844 743 8901; baseline 0.013 -18"><span class='ocrx_word' id='word_1_26' title='bbox 282 8844 349 8896; x_wconf 79' lang='lat' dir='ltr'>pedita</span> <span class='ocrx_word' id='word_1_27' title='bbox 360 8848 425 8887; x_wconf 87' lang='lat' dir='ltr'>cordis</span> <span class='ocrx_word' id='word_1_28' title='bbox 436 8847 528 8889; x_wconf 83' lang='lat' dir='ltr'>facultate</span> <span class='ocrx_word' id='word_1_29' title='bbox 538 8846 564 8887; x_wconf 90' lang='lat' dir='ltr'>ob</span> <span class='ocrx_word' id='word_1_30' title='bbox 572 8845 743 8901; x_wconf 74' lang='lat' dir='ltr'>refrigerationem</span> 
     </span>
     <span class='ocr_line' id='line_1_5' title="bbox 284 8898 744 8960; baseline 0.013 -21"><span class='ocrx_word' id='word_1_31' title='bbox 284 8898 396 8945; x_wconf 70' lang='lat' dir='ltr'>facultatem</span> <span class='ocrx_word' id='word_1_32' title='bbox 404 8904 536 8946; x_wconf 89' lang='lat' dir='ltr'>debilitantem</span> <span class='ocrx_word' id='word_1_33' title='bbox 545 8934 550 8949; x_wconf 94' lang='lat'>,</span> <span class='ocrx_word' id='word_1_34' title='bbox 561 8904 593 8945; x_wconf 92' lang='lat' dir='ltr'>vel</span> <span class='ocrx_word' id='word_1_35' title='bbox 603 8905 630 8943; x_wconf 90' lang='lat' dir='ltr'>ob</span> <span class='ocrx_word' id='word_1_36' title='bbox 639 8905 744 8960; x_wconf 85' lang='lat' dir='ltr'>oppressio-</span> 
     </span>
     <span class='ocr_line' id='line_1_6' title="bbox 284 8958 745 9016; baseline 0.009 -18"><span class='ocrx_word' id='word_1_37' title='bbox 284 8972 332 8999; x_wconf 88' lang='lat' dir='ltr'>nem</span> <span class='ocrx_word' id='word_1_38' title='bbox 344 8961 485 9016; x_wconf 68' lang='lat' dir='ltr'>impedientem</span> <span class='ocrx_word' id='word_1_39' title='bbox 506 8979 512 9001; x_wconf 82' lang='lat' dir='ltr'><em>z</em></span> <span class='ocrx_word' id='word_1_40' title='bbox 533 8958 566 9001; x_wconf 90' lang='lat' dir='ltr'>sed</span> <span class='ocrx_word' id='word_1_41' title='bbox 577 8965 598 9000; x_wconf 90' lang='lat' dir='ltr'>in</span> <span class='ocrx_word' id='word_1_42' title='bbox 609 8962 639 9002; x_wconf 86' lang='lat' dir='ltr'>his</span> <span class='ocrx_word' id='word_1_43' title='bbox 652 8962 745 9003; x_wconf 88' lang='lat' dir='ltr'>omnibus</span> 
     </span>
     <span class='ocr_line' id='line_1_7' title="bbox 286 9017 746 9073; baseline 0.004 -16"><span class='ocrx_word' id='word_1_44' title='bbox 286 9017 355 9071; x_wconf 83' lang='lat' dir='ltr'>pulssrs</span> <span class='ocrx_word' id='word_1_45' title='bbox 367 9017 475 9059; x_wconf 78' lang='lat' dir='ltr'>sationibus</span> <span class='ocrx_word' id='word_1_46' title='bbox 485 9017 561 9059; x_wconf 78' lang='lat' dir='ltr'>constat</span> <span class='ocrx_word' id='word_1_47' title='bbox 576 9049 581 9065; x_wconf 88' lang='lat'>,</span> <span class='ocrx_word' id='word_1_48' title='bbox 595 9020 651 9073; x_wconf 88' lang='lat' dir='ltr'>quod</span> <span class='ocrx_word' id='word_1_49' title='bbox 663 9018 746 9060; x_wconf 86' lang='lat' dir='ltr'>facultas</span> 
     </span>
     <span class='ocr_line' id='line_1_8' title="bbox 287 9072 743 9132; baseline 0.004 -19"><span class='ocrx_word' id='word_1_50' title='bbox 287 9075 359 9122; x_wconf 86' lang='lat' dir='ltr'>vitalis,</span> <span class='ocrx_word' id='word_1_51' title='bbox 367 9075 405 9115; x_wconf 91' lang='lat' dir='ltr'>sive</span> <span class='ocrx_word' id='word_1_52' title='bbox 412 9089 447 9130; x_wconf 88' lang='lat' dir='ltr'>per</span> <span class='ocrx_word' id='word_1_53' title='bbox 458 9072 570 9123; x_wconf 84' lang='lat' dir='ltr'>essentiam,</span> <span class='ocrx_word' id='word_1_54' title='bbox 579 9074 619 9115; x_wconf 90' lang='lat' dir='ltr'>sive</span> <span class='ocrx_word' id='word_1_55' title='bbox 627 9090 661 9131; x_wconf 87' lang='lat' dir='ltr'>per</span> <span class='ocrx_word' id='word_1_56' title='bbox 670 9090 743 9132; x_wconf 81' lang='lat' dir='ltr'>aggra-</span> 
     </span>
     <span class='ocr_line' id='line_1_9' title="bbox 288 9134 745 9190; baseline 0.004 -19"><span class='ocrx_word' id='word_1_57' title='bbox 288 9136 387 9173; x_wconf 86' lang='lat' dir='ltr'>vationem</span> <span class='ocrx_word' id='word_1_58' title='bbox 397 9134 487 9180; x_wconf 82' lang='lat' dir='ltr'>corruit,</span> <span class='ocrx_word' id='word_1_59' title='bbox 505 9134 605 9188; x_wconf 74' lang='lat' dir='ltr'>virileque</span> <span class='ocrx_word' id='word_1_60' title='bbox 618 9136 745 9190; x_wconf 84' lang='lat' dir='ltr'>principium:</span> 
     </span>
     <span class='ocr_line' id='line_1_10' title="bbox 289 9188 746 9246; baseline 0.009 -18"><span class='ocrx_word' id='word_1_61' title='bbox 289 9188 344 9244; x_wconf 85' lang='lat' dir='ltr'>Ergo</span> <span class='ocrx_word' id='word_1_62' title='bbox 353 9202 378 9229; x_wconf 76' lang='lat' dir='ltr'>ex</span> <span class='ocrx_word' id='word_1_63' title='bbox 391 9192 484 9232; x_wconf 84' lang='lat' dir='ltr'>omnibus</span> <span class='ocrx_word' id='word_1_64' title='bbox 496 9193 560 9231; x_wconf 89' lang='lat' dir='ltr'>timeri</span> <span class='ocrx_word' id='word_1_65' title='bbox 573 9189 649 9245; x_wconf 78' lang='lat' dir='ltr'>petest,</span> <span class='ocrx_word' id='word_1_66' title='bbox 664 9198 684 9234; x_wconf 88' lang='lat'>&amp;</span> <span class='ocrx_word' id='word_1_67' title='bbox 698 9205 746 9246; x_wconf 74' lang='lat' dir='ltr'>pra-</span> 
     </span>
     <span class='ocr_line' id='line_1_11' title="bbox 288 9246 748 9303; baseline 0.007 -18"><span class='ocrx_word' id='word_1_68' title='bbox 288 9246 327 9286; x_wconf 90' lang='lat' dir='ltr'>dici</span> <span class='ocrx_word' id='word_1_69' title='bbox 345 9261 398 9287; x_wconf 85' lang='lat' dir='ltr'>mors</span> <span class='ocrx_word' id='word_1_70' title='bbox 417 9250 542 9302; x_wconf 87' lang='lat' dir='ltr'>repentina,</span> <span class='ocrx_word' id='word_1_71' title='bbox 559 9247 643 9303; x_wconf 73' lang='lat' dir='ltr'>qualiter</span> <span class='ocrx_word' id='word_1_72' title='bbox 659 9249 748 9290; x_wconf 82' lang='lat' dir='ltr'>Galenus</span> 
     </span>
     <span class='ocr_line' id='line_1_12' title="bbox 290 9305 749 9359; baseline 0.02 -19"><span class='ocrx_word' id='word_1_73' title='bbox 290 9305 379 9357; x_wconf 84' lang='lat' dir='ltr'>praedixit</span> <span class='ocrx_word' id='word_1_74' title='bbox 391 9318 416 9344; x_wconf 82' lang='lat' dir='ltr'>eit</span> <span class='ocrx_word' id='word_1_75' title='bbox 430 9307 467 9346; x_wconf 81' lang='lat' dir='ltr'>iilis</span> <span class='ocrx_word' id='word_1_76' title='bbox 480 9308 603 9359; x_wconf 70' lang='lat' dir='ltr'>repentinam</span> <span class='ocrx_word' id='word_1_77' title='bbox 614 9320 697 9348; x_wconf 87' lang='lat' dir='ltr'>mortem</span> <span class='ocrx_word' id='word_1_78' title='bbox 704 9309 749 9348; x_wconf 86' lang='lat' dir='ltr'>Me·</span> 
     </span>
     <span class='ocr_line' id='line_1_13' title="bbox 289 9361 679 9417; baseline 0.003 -18"><span class='ocrx_word' id='word_1_79' title='bbox 289 9361 335 9400; x_wconf 84' lang='lat' dir='ltr'>dico</span> <span class='ocrx_word' id='word_1_80' title='bbox 344 9365 465 9417; x_wconf 81' lang='lat' dir='ltr'>Antipatro,</span> <span class='ocrx_word' id='word_1_81' title='bbox 476 9362 528 9412; x_wconf 70' lang='lat' dir='ltr'>lis-4.</span> <span class='ocrx_word' id='word_1_82' title='bbox 536 9368 558 9402; x_wconf 79' lang='lat' dir='ltr'>de</span> <span class='ocrx_word' id='word_1_83' title='bbox 567 9365 616 9405; x_wconf 73' lang='lat' dir='ltr'>locis,</span> <span class='ocrx_word' id='word_1_84' title='bbox 622 9367 679 9417; x_wconf 67' lang='lat' dir='ltr'>caps.</span> 
     </span>
    </p>
   </div>
   <div class='ocr_carea' id='block_1_4' title="bbox 783 8789 1272 9418">
    <p class='ocr_par' dir='ltr' id='par_1_4' title="bbox 783 8789 1272 9247">
     <span class='ocr_line' id='line_1_14' title="bbox 783 8789 1241 8847; baseline -0.011 -15"><span class='ocrx_word' id='word_1_85' title='bbox 783 8806 838 8839; x_wconf 86' lang='lat' dir='ltr'>tate,</span> <span class='ocrx_word' id='word_1_86' title='bbox 855 8791 1009 8839; x_wconf 70' lang='lat' dir='ltr'>obstruclione,</span> <span class='ocrx_word' id='word_1_87' title='bbox 1026 8790 1148 8847; x_wconf 82' lang='lat' dir='ltr'>oppressione</span> <span class='ocrx_word' id='word_1_88' title='bbox 1166 8806 1170 8827; x_wconf 90' lang='lat'>:</span> <span class='ocrx_word' id='word_1_89' title='bbox 1187 8789 1241 8828; x_wconf 89' lang='lat' dir='ltr'>idem</span> 
     </span>
     <span class='ocr_line' id='line_1_15' title="bbox 783 8847 1241 8903; baseline -0.009 -15"><span class='ocrx_word' id='word_1_90' title='bbox 783 8851 864 8903; x_wconf 82' lang='lat' dir='ltr'>praedici</span> <span class='ocrx_word' id='word_1_91' title='bbox 880 8861 906 8887; x_wconf 82' lang='lat' dir='ltr'>ex</span> <span class='ocrx_word' id='word_1_92' title='bbox 920 8847 987 8903; x_wconf 80' lang='lat' dir='ltr'>spuma</span> <span class='ocrx_word' id='word_1_93' title='bbox 999 8853 1019 8889; x_wconf 93' lang='lat' dir='ltr'>in</span> <span class='ocrx_word' id='word_1_94' title='bbox 1030 8847 1189 8903; x_wconf 75' lang='lat' dir='ltr'>strangulatione</span> <span class='ocrx_word' id='word_1_95' title='bbox 1203 8859 1241 8900; x_wconf 85' lang='lat' dir='ltr'>ap-</span> 
     </span>
     <span class='ocr_line' id='line_1_16' title="bbox 785 8900 1240 8961; baseline -0.009 -16"><span class='ocrx_word' id='word_1_96' title='bbox 785 8908 938 8960; x_wconf 81' lang='lat' dir='ltr'>parente,docet</span> <span class='ocrx_word' id='word_1_97' title='bbox 949 8908 1082 8961; x_wconf 74' lang='lat' dir='ltr'>Hippocrates</span> <span class='ocrx_word' id='word_1_98' title='bbox 1097 8900 1240 8959; x_wconf 52' lang='lat' dir='ltr'>raphorrfapi.</span> 
     </span>
     <span class='ocr_line' id='line_1_17' title="bbox 786 8962 1242 9018; baseline -0.004 -15"><span class='ocrx_word' id='word_1_99' title='bbox 786 8970 807 9003; x_wconf 75' lang='lat' dir='ltr'>et</span> <span class='ocrx_word' id='word_1_100' title='bbox 824 8963 873 9003; x_wconf 89' lang='lat' dir='ltr'>solet</span> <span class='ocrx_word' id='word_1_101' title='bbox 889 8962 1014 9018; x_wconf 88' lang='lat' dir='ltr'>supervenire</span> <span class='ocrx_word' id='word_1_102' title='bbox 1029 8968 1048 9003; x_wconf 89' lang='lat' dir='ltr'>iti</span> <span class='ocrx_word' id='word_1_103' title='bbox 1063 8963 1186 9016; x_wconf 84' lang='lat' dir='ltr'>apoplexia,</span> <span class='ocrx_word' id='word_1_104' title='bbox 1206 8974 1242 8999; x_wconf 78' lang='lat' dir='ltr'>aur</span> 
     </span>
     <span class='ocr_line' id='line_1_18' title="bbox 784 9019 1242 9075; baseline -0.007 -17"><span class='ocrx_word' id='word_1_105' title='bbox 784 9019 895 9075; x_wconf 80' lang='lat' dir='ltr'>epilepsia,</span> <span class='ocrx_word' id='word_1_106' title='bbox 909 9035 934 9060; x_wconf 81' lang='lat' dir='ltr'>ex</span> <span class='ocrx_word' id='word_1_107' title='bbox 947 9025 1052 9062; x_wconf 84' lang='lat' dir='ltr'>Avieenna</span> <span class='ocrx_word' id='word_1_108' title='bbox 1063 9021 1101 9073; x_wconf 74' lang='lat' dir='ltr'>fta</span> <span class='ocrx_word' id='word_1_109' title='bbox 1112 9035 1128 9059; x_wconf 90' lang='lat' dir='ltr'>i.</span> <span class='ocrx_word' id='word_1_110' title='bbox 1136 9035 1154 9071; x_wconf 81' lang='lat'>3.</span> <span class='ocrx_word' id='word_1_111' title='bbox 1162 9020 1212 9058; x_wconf 82' lang='lat' dir='ltr'>titul·</span> <span class='ocrx_word' id='word_1_112' title='bbox 1225 9033 1242 9055; x_wconf 83' lang='lat'>2.</span> 
     </span>
     <span class='ocr_line' id='line_1_19' title="bbox 785 9075 1242 9133; baseline -0.004 -17"><span class='ocrx_word' id='word_1_113' title='bbox 785 9082 837 9133; x_wconf 74' lang='lat' dir='ltr'>capir-</span> <span class='ocrx_word' id='word_1_114' title='bbox 846 9086 863 9118; x_wconf 85' lang='lat'>6.</span> <span class='ocrx_word' id='word_1_115' title='bbox 878 9079 972 9119; x_wconf 90' lang='lat' dir='ltr'>Provenit</span> <span class='ocrx_word' id='word_1_116' title='bbox 983 9082 1042 9119; x_wconf 84' lang='lat' dir='ltr'>eriam</span> <span class='ocrx_word' id='word_1_117' title='bbox 1055 9091 1080 9117; x_wconf 82' lang='lat' dir='ltr'>ex</span> <span class='ocrx_word' id='word_1_118' title='bbox 1094 9080 1143 9117; x_wconf 86' lang='lat' dir='ltr'>uteri</span> <span class='ocrx_word' id='word_1_119' title='bbox 1150 9075 1242 9128; x_wconf 78' lang='lat' dir='ltr'>strangu-</span> 
     </span>
     <span class='ocr_line' id='line_1_20' title="bbox 785 9133 1272 9182; baseline -0.006 -8"><span class='ocrx_word' id='word_1_120' title='bbox 785 9133 875 9182; x_wconf 88' lang='lat' dir='ltr'>latione,</span> <span class='ocrx_word' id='word_1_121' title='bbox 891 9147 916 9173; x_wconf 79' lang='lat' dir='ltr'>cx</span> <span class='ocrx_word' id='word_1_122' title='bbox 930 9136 1034 9176; x_wconf 86' lang='lat' dir='ltr'>ventriculi</span> <span class='ocrx_word' id='word_1_123' title='bbox 1047 9133 1198 9175; x_wconf 75' lang='lat' dir='ltr'>inflammatione</span> <span class='ocrx_word' id='word_1_124' title='bbox 1206 9162 1212 9179; x_wconf 96' lang='lat'>,</span> <span class='ocrx_word' id='word_1_125' title='bbox 1221 9146 1242 9172; x_wconf 88' lang='lat' dir='ltr'>ut</span> <span class='ocrx_word' id='word_1_126' title='bbox 1269 9176 1272 9181; x_wconf 17' lang='grc' dir='ltr'><strong><em>Δ</em></strong></span> 
     </span>
     <span class='ocr_line' id='line_1_21' title="bbox 787 9192 943 9247; baseline -0.019 -16"><span class='ocrx_word' id='word_1_127' title='bbox 787 9205 839 9247; x_wconf 89' lang='lat' dir='ltr'>pater</span> <span class='ocrx_word' id='word_1_128' title='bbox 847 9207 872 9233; x_wconf 84' lang='lat' dir='ltr'>ex</span> <span class='ocrx_word' id='word_1_129' title='bbox 882 9192 943 9233; x_wconf 72' lang='lat' dir='ltr'>dietis.</span> 
     </span>
    </p>

    <p class='ocr_par' dir='ltr' id='par_1_5' title="bbox 789 9252 1248 9418">
     <span class='ocr_line' id='line_1_22' title="bbox 817 9252 1243 9305; baseline -0.014 -15"><span class='ocrx_word' id='word_1_130' title='bbox 817 9252 871 9290; x_wconf 86' lang='lat' dir='ltr'>&#39;surii</span> <span class='ocrx_word' id='word_1_131' title='bbox 886 9253 1009 9304; x_wconf 76' lang='lat' dir='ltr'>repentinam</span> <span class='ocrx_word' id='word_1_132' title='bbox 1026 9252 1143 9305; x_wconf 81' lang='lat' dir='ltr'>praenuntiat</span> <span class='ocrx_word' id='word_1_133' title='bbox 1156 9259 1243 9288; x_wconf 86' lang='lat' dir='ltr'>mortem</span> 
     </span>
     <span class='ocr_line' id='line_1_23' title="bbox 789 9304 1248 9366; baseline -0.013 -19"><span class='ocrx_word' id='word_1_134' title='bbox 789 9306 848 9347; x_wconf 88' lang='lat' dir='ltr'>dolor</span> <span class='ocrx_word' id='word_1_135' title='bbox 854 9309 927 9350; x_wconf 78' lang='lat' dir='ltr'>diutius</span> <span class='ocrx_word' id='word_1_136' title='bbox 939 9306 1038 9347; x_wconf 83' lang='lat' dir='ltr'>stimulans</span> <span class='ocrx_word' id='word_1_137' title='bbox 1048 9311 1067 9346; x_wconf 89' lang='lat' dir='ltr'>in</span> <span class='ocrx_word' id='word_1_138' title='bbox 1076 9304 1248 9366; x_wconf 17' lang='lat' dir='ltr'>praecordiismpof</span> 
     </span>
     <span class='ocr_line' id='line_1_24' title="bbox 789 9366 1244 9418; baseline -0.009 -13"><span class='ocrx_word' id='word_1_139' title='bbox 789 9367 866 9405; x_wconf 87' lang='lat' dir='ltr'>minem</span> <span class='ocrx_word' id='word_1_140' title='bbox 878 9368 990 9405; x_wconf 81' lang='lat' dir='ltr'>exanimem</span> <span class='ocrx_word' id='word_1_141' title='bbox 1002 9366 1103 9411; x_wconf 79' lang='lat' dir='ltr'>recidens,</span> <span class='ocrx_word' id='word_1_142' title='bbox 1116 9367 1150 9418; x_wconf 77' lang='lat' dir='ltr'>qui</span> <span class='ocrx_word' id='word_1_143' title='bbox 1161 9376 1200 9402; x_wconf 85' lang='lat' dir='ltr'>non</span> <span class='ocrx_word' id='word_1_144' title='bbox 1210 9368 1244 9401; x_wconf 74' lang='lat' dir='ltr'>siat</span> 
     </span>
    </p>
   </div>
   <div class='ocr_carea' id='block_1_5' title="bbox 319 9415 1245 9473">
    <p class='ocr_par' dir='ltr' id='par_1_6' title="bbox 319 9415 1245 9473">
     <span class='ocr_line' id='line_1_25' title="bbox 319 9415 1245 9473; baseline -0.003 -14"><span class='ocrx_word' id='word_1_145' title='bbox 319 9421 374 9459; x_wconf 87' lang='lat' dir='ltr'>Tum</span> <span class='ocrx_word' id='word_1_146' title='bbox 381 9418 473 9461; x_wconf 83' lang='lat' dir='ltr'>debilitas</span> <span class='ocrx_word' id='word_1_147' title='bbox 483 9418 654 9473; x_wconf 85' lang='lat' dir='ltr'>virtutisanimosat</span> <span class='ocrx_word' id='word_1_148' title='bbox 661 9420 747 9462; x_wconf 86' lang='lat' dir='ltr'>resideu-</span> <span class='ocrx_word' id='word_1_149' title='bbox 761 9425 776 9464; x_wconf 84' lang='lat' dir='ltr'>B</span> <span class='ocrx_word' id='word_1_150' title='bbox 788 9420 799 9461; x_wconf 86' lang='lat' dir='ltr'>a</span> <span class='ocrx_word' id='word_1_151' title='bbox 812 9420 860 9462; x_wconf 84' lang='lat' dir='ltr'>flatu</span> <span class='ocrx_word' id='word_1_152' title='bbox 873 9441 878 9462; x_wconf 76' lang='grc' dir='ltr'><strong><em>ι</em></strong></span> <span class='ocrx_word' id='word_1_153' title='bbox 895 9436 941 9462; x_wconf 90' lang='lat' dir='ltr'>nam</span> <span class='ocrx_word' id='word_1_154' title='bbox 948 9422 1121 9463; x_wconf 80' lang='lat' dir='ltr'>indicat-latentem</span> <span class='ocrx_word' id='word_1_155' title='bbox 1132 9415 1245 9465; x_wconf 61' lang='lat' dir='ltr'>abiectum,</span> 
     </span>
    </p>
   </div>
   <div class='ocr_carea' id='block_1_6' title="bbox 290 9477 753 10049">
    <p class='ocr_par' dir='ltr' id='par_1_7' title="bbox 290 9477 753 10049">
     <span class='ocr_line' id='line_1_26' title="bbox 290 9477 750 9533; baseline 0.007 -18"><span class='ocrx_word' id='word_1_156' title='bbox 290 9477 313 9515; x_wconf 83' lang='lat' dir='ltr'>tis</span> <span class='ocrx_word' id='word_1_157' title='bbox 328 9478 347 9516; x_wconf 92' lang='lat' dir='ltr'>iri</span> <span class='ocrx_word' id='word_1_158' title='bbox 360 9481 433 9524; x_wconf 84' lang='lat' dir='ltr'>corde,</span> <span class='ocrx_word' id='word_1_159' title='bbox 446 9481 549 9532; x_wconf 84' lang='lat' dir='ltr'>repentinae</span> <span class='ocrx_word' id='word_1_160' title='bbox 562 9480 630 9517; x_wconf 85' lang='lat' dir='ltr'>mortis</span> <span class='ocrx_word' id='word_1_161' title='bbox 642 9482 750 9533; x_wconf 84' lang='lat' dir='ltr'>praeiiuiitia</span> 
     </span>
     <span class='ocr_line' id='line_1_27' title="bbox 290 9530 749 9590; baseline 0.004 -19"><span class='ocrx_word' id='word_1_162' title='bbox 290 9530 351 9573; x_wconf 88' lang='lat' dir='ltr'>debet</span> <span class='ocrx_word' id='word_1_163' title='bbox 362 9532 412 9583; x_wconf 83' lang='lat' dir='ltr'>esse,</span> <span class='ocrx_word' id='word_1_164' title='bbox 426 9534 438 9574; x_wconf 92' lang='lat' dir='ltr'>si</span> <span class='ocrx_word' id='word_1_165' title='bbox 453 9532 564 9590; x_wconf 86' lang='lat' dir='ltr'>supervenit</span> <span class='ocrx_word' id='word_1_166' title='bbox 574 9532 631 9575; x_wconf 83' lang='lat' dir='ltr'>causa</span> <span class='ocrx_word' id='word_1_167' title='bbox 643 9536 709 9586; x_wconf 81' lang='lat' dir='ltr'>valens</span> <span class='ocrx_word' id='word_1_168' title='bbox 717 9545 749 9574; x_wconf 84' lang='lat' dir='ltr'>tu-</span> 
     </span>
     <span class='ocr_line' id='line_1_28' title="bbox 291 9589 749 9647; baseline 0.009 -19"><span class='ocrx_word' id='word_1_169' title='bbox 291 9589 321 9629; x_wconf 80' lang='lat' dir='ltr'>trai</span> <span class='ocrx_word' id='word_1_170' title='bbox 334 9589 409 9647; x_wconf 88' lang='lat' dir='ltr'>spiritus</span> <span class='ocrx_word' id='word_1_171' title='bbox 425 9595 548 9634; x_wconf 85' lang='lat' dir='ltr'>imminuere.</span> <span class='ocrx_word' id='word_1_172' title='bbox 570 9595 627 9635; x_wconf 88' lang='lat' dir='ltr'>Sicin</span> <span class='ocrx_word' id='word_1_173' title='bbox 639 9590 727 9646; x_wconf 77' lang='lat' dir='ltr'>gaudios</span> <span class='ocrx_word' id='word_1_174' title='bbox 740 9618 749 9625; x_wconf 95' lang='lat'><em>-</em></span> 
     </span>
     <span class='ocr_line' id='line_1_29' title="bbox 291 9646 750 9701; baseline 0.007 -14"><span class='ocrx_word' id='word_1_175' title='bbox 291 9653 384 9701; x_wconf 88' lang='lat' dir='ltr'>pervenit</span> <span class='ocrx_word' id='word_1_176' title='bbox 396 9646 489 9691; x_wconf 87' lang='lat' dir='ltr'>animosae</span> <span class='ocrx_word' id='word_1_177' title='bbox 500 9653 567 9691; x_wconf 89' lang='lat' dir='ltr'>virtuti</span> <span class='ocrx_word' id='word_1_178' title='bbox 579 9649 671 9690; x_wconf 88' lang='lat' dir='ltr'>debilitas</span> <span class='ocrx_word' id='word_1_179' title='bbox 681 9652 706 9691; x_wconf 91' lang='lat' dir='ltr'>ob</span> <span class='ocrx_word' id='word_1_180' title='bbox 714 9665 750 9690; x_wconf 86' lang='lat' dir='ltr'>ex-</span> 
     </span>
     <span class='ocr_line' id='line_1_30' title="bbox 293 9705 751 9761; baseline 0.004 -17"><span class='ocrx_word' id='word_1_181' title='bbox 293 9705 406 9758; x_wconf 84' lang='lat' dir='ltr'>pansionem</span> <span class='ocrx_word' id='word_1_182' title='bbox 418 9706 519 9761; x_wconf 79' lang='lat' dir='ltr'>spirituum</span> <span class='ocrx_word' id='word_1_183' title='bbox 532 9708 556 9747; x_wconf 80' lang='lat' dir='ltr'>ad</span> <span class='ocrx_word' id='word_1_184' title='bbox 566 9721 630 9761; x_wconf 87' lang='lat' dir='ltr'>partes</span> <span class='ocrx_word' id='word_1_185' title='bbox 638 9711 751 9756; x_wconf 77' lang='lat' dir='ltr'>exteriores,</span> 
     </span>
     <span class='ocr_line' id='line_1_31' title="bbox 294 9762 752 9818; baseline 0 -14"><span class='ocrx_word' id='word_1_186' title='bbox 294 9768 314 9804; x_wconf 62' lang='grc' dir='ltr'>ὃς</span> <span class='ocrx_word' id='word_1_187' title='bbox 327 9764 347 9804; x_wconf 82' lang='lat' dir='ltr'>&#39;tit</span> <span class='ocrx_word' id='word_1_188' title='bbox 361 9764 439 9804; x_wconf 83' lang='lat' dir='ltr'>iilorum</span> <span class='ocrx_word' id='word_1_189' title='bbox 452 9763 575 9818; x_wconf 85' lang='lat' dir='ltr'>consumptio</span> <span class='ocrx_word' id='word_1_190' title='bbox 588 9768 607 9804; x_wconf 88' lang='lat' dir='ltr'>in</span> <span class='ocrx_word' id='word_1_191' title='bbox 620 9762 752 9806; x_wconf 84' lang='lat' dir='ltr'>vehementis-</span> 
     </span>
     <span class='ocr_line' id='line_1_32' title="bbox 295 9818 752 9876; baseline 0 -17"><span class='ocrx_word' id='word_1_192' title='bbox 295 9818 345 9860; x_wconf 81' lang='lat' dir='ltr'>simis</span> <span class='ocrx_word' id='word_1_193' title='bbox 359 9821 472 9868; x_wconf 81' lang='lat' dir='ltr'>doloribus,</span> <span class='ocrx_word' id='word_1_194' title='bbox 486 9828 507 9864; x_wconf 65' lang='lat' dir='ltr'>ec</span> <span class='ocrx_word' id='word_1_195' title='bbox 519 9824 581 9862; x_wconf 79' lang='lat' dir='ltr'>nimiis</span> <span class='ocrx_word' id='word_1_196' title='bbox 591 9822 675 9876; x_wconf 77' lang='lat' dir='ltr'>vigiliis,</span> <span class='ocrx_word' id='word_1_197' title='bbox 690 9829 710 9865; x_wconf 63' lang='grc' dir='ltr'>ἃ</span> <span class='ocrx_word' id='word_1_198' title='bbox 721 9821 752 9862; x_wconf 87' lang='lat' dir='ltr'>su.</span> 
     </span>
     <span class='ocr_line' id='line_1_33' title="bbox 294 9879 752 9933; baseline 0.009 -16"><span class='ocrx_word' id='word_1_199' title='bbox 294 9881 386 9931; x_wconf 90' lang='lat' dir='ltr'>pervenit</span> <span class='ocrx_word' id='word_1_200' title='bbox 404 9882 507 9933; x_wconf 87' lang='lat' dir='ltr'>repentina</span> <span class='ocrx_word' id='word_1_201' title='bbox 520 9893 571 9918; x_wconf 81' lang='lat' dir='ltr'>mors</span> <span class='ocrx_word' id='word_1_202' title='bbox 587 9882 606 9919; x_wconf 91' lang='lat' dir='ltr'>iii</span> <span class='ocrx_word' id='word_1_203' title='bbox 623 9879 710 9922; x_wconf 89' lang='lat' dir='ltr'>animosa</span> <span class='ocrx_word' id='word_1_204' title='bbox 721 9879 752 9921; x_wconf 86' lang='lat' dir='ltr'>sa-</span> 
     </span>
     <span class='ocr_line' id='line_1_34' title="bbox 293 9933 753 9991; baseline 0.011 -18"><span class='ocrx_word' id='word_1_205' title='bbox 293 9933 368 9976; x_wconf 83' lang='lat' dir='ltr'>cultate</span> <span class='ocrx_word' id='word_1_206' title='bbox 387 9934 472 9989; x_wconf 61' lang='lat' dir='ltr'>pieriis,</span> <span class='ocrx_word' id='word_1_207' title='bbox 496 9939 550 9977; x_wconf 81' lang='lat' dir='ltr'>Tum</span> <span class='ocrx_word' id='word_1_208' title='bbox 568 9935 670 9991; x_wconf 69' lang='lat' dir='ltr'>palpitatio</span> <span class='ocrx_word' id='word_1_209' title='bbox 682 9938 753 9985; x_wconf 86' lang='lat' dir='ltr'>cordis,</span> 
     </span>
     <span class='ocr_line' id='line_1_35' title="bbox 294 9992 752 10049; baseline 0.007 -17"><span class='ocrx_word' id='word_1_210' title='bbox 294 10006 339 10045; x_wconf 73' lang='lat' dir='ltr'>quat</span> <span class='ocrx_word' id='word_1_211' title='bbox 353 9992 380 10033; x_wconf 86' lang='lat' dir='ltr'>est</span> <span class='ocrx_word' id='word_1_212' title='bbox 391 9996 519 10035; x_wconf 83' lang='lat' dir='ltr'>ininiodctata</span> <span class='ocrx_word' id='word_1_213' title='bbox 531 9994 579 10034; x_wconf 82' lang='lat' dir='ltr'>iliius</span> <span class='ocrx_word' id='word_1_214' title='bbox 591 9994 690 10042; x_wconf 85' lang='lat' dir='ltr'>dilatati0,</span> <span class='ocrx_word' id='word_1_215' title='bbox 702 10009 752 10049; x_wconf 88' lang='lat' dir='ltr'>pen-</span> 
     </span>
    </p>
   </div>
   <div class='ocr_carea' id='block_1_7' title="bbox 788 9478 1247 10100">
    <p class='ocr_par' dir='ltr' id='par_1_8' title="bbox 788 9478 1242 9591">
     <span class='ocr_line' id='line_1_36' title="bbox 788 9478 1242 9533; baseline -0.009 -14"><span class='ocrx_word' id='word_1_216' title='bbox 788 9494 820 9519; x_wconf 90' lang='lat' dir='ltr'>aut</span> <span class='ocrx_word' id='word_1_217' title='bbox 830 9478 920 9520; x_wconf 86' lang='lat' dir='ltr'>vasorum</span> <span class='ocrx_word' id='word_1_218' title='bbox 934 9478 1046 9519; x_wconf 87' lang='lat' dir='ltr'>erosionem</span> <span class='ocrx_word' id='word_1_219' title='bbox 1057 9508 1062 9525; x_wconf 91' lang='lat'>,</span> <span class='ocrx_word' id='word_1_220' title='bbox 1074 9494 1099 9519; x_wconf 85' lang='lat' dir='ltr'>eir</span> <span class='ocrx_word' id='word_1_221' title='bbox 1112 9479 1182 9533; x_wconf 81' lang='lat' dir='ltr'>quibus</span> <span class='ocrx_word' id='word_1_222' title='bbox 1197 9478 1242 9515; x_wconf 86' lang='lat' dir='ltr'>ino-</span> 
     </span>
     <span class='ocr_line' id='line_1_37' title="bbox 789 9536 1014 9591; baseline -0.009 -15"><span class='ocrx_word' id='word_1_223' title='bbox 789 9540 853 9591; x_wconf 82' lang='lat' dir='ltr'>pinata</span> <span class='ocrx_word' id='word_1_224' title='bbox 862 9552 914 9576; x_wconf 85' lang='lat' dir='ltr'>mors</span> <span class='ocrx_word' id='word_1_225' title='bbox 923 9536 1014 9590; x_wconf 81' lang='lat' dir='ltr'>sequitur.</span> 
     </span>
    </p>

    <p class='ocr_par' dir='ltr' id='par_1_9' title="bbox 788 9591 1247 10100">
     <span class='ocr_line' id='line_1_38' title="bbox 818 9591 1244 9652; baseline -0.016 -17"><span class='ocrx_word' id='word_1_226' title='bbox 818 9597 872 9635; x_wconf 85' lang='lat' dir='ltr'>Tum</span> <span class='ocrx_word' id='word_1_227' title='bbox 892 9593 994 9635; x_wconf 74' lang='lat' dir='ltr'>difficultas</span> <span class='ocrx_word' id='word_1_228' title='bbox 1011 9591 1111 9634; x_wconf 77' lang='lat' dir='ltr'>anhelitus</span> <span class='ocrx_word' id='word_1_229' title='bbox 1127 9592 1244 9652; x_wconf 76' lang='lat' dir='ltr'>praenuntiat</span> 
     </span>
     <span class='ocr_line' id='line_1_39' title="bbox 788 9648 1245 9705; baseline -0.004 -17"><span class='ocrx_word' id='word_1_230' title='bbox 788 9656 912 9705; x_wconf 84' lang='lat' dir='ltr'>repentinam</span> <span class='ocrx_word' id='word_1_231' title='bbox 928 9664 1012 9692; x_wconf 86' lang='lat' dir='ltr'>mortem</span> <span class='ocrx_word' id='word_1_232' title='bbox 1026 9648 1126 9704; x_wconf 77' lang='lat' dir='ltr'>periodicb</span> <span class='ocrx_word' id='word_1_233' title='bbox 1143 9652 1245 9702; x_wconf 77' lang='lat' dir='ltr'>ingraves-</span> 
     </span>
     <span class='ocr_line' id='line_1_40' title="bbox 789 9706 1245 9767; baseline -0.002 -21"><span class='ocrx_word' id='word_1_234' title='bbox 789 9721 850 9754; x_wconf 84' lang='lat' dir='ltr'>cens,</span> <span class='ocrx_word' id='word_1_235' title='bbox 863 9723 906 9764; x_wconf 87' lang='lat' dir='ltr'>quat</span> <span class='ocrx_word' id='word_1_236' title='bbox 920 9722 1002 9749; x_wconf 80' lang='lat' dir='ltr'>vocatur</span> <span class='ocrx_word' id='word_1_237' title='bbox 1014 9706 1108 9754; x_wconf 81' lang='lat' dir='ltr'>Asthma,</span> <span class='ocrx_word' id='word_1_238' title='bbox 1122 9706 1245 9767; x_wconf 68' lang='lat' dir='ltr'>&amp;provenit</span> 
     </span>
     <span class='ocr_line' id='line_1_41' title="bbox 790 9762 1244 9820; baseline -0.004 -17"><span class='ocrx_word' id='word_1_239' title='bbox 790 9763 888 9817; x_wconf 82' lang='lat' dir='ltr'>pulmonis</span> <span class='ocrx_word' id='word_1_240' title='bbox 900 9768 958 9812; x_wconf 88' lang='lat' dir='ltr'>vitio,</span> <span class='ocrx_word' id='word_1_241' title='bbox 970 9768 1004 9820; x_wconf 87' lang='lat' dir='ltr'>qui</span> <span class='ocrx_word' id='word_1_242' title='bbox 1014 9762 1244 9818; x_wconf 73' lang='lat' dir='ltr'>laditursymptomatice</span> 
     </span>
     <span class='ocr_line' id='line_1_42' title="bbox 791 9819 1245 9881; baseline -0.002 -21"><span class='ocrx_word' id='word_1_243' title='bbox 791 9820 802 9860; x_wconf 76' lang='lat' dir='ltr'>a</span> <span class='ocrx_word' id='word_1_244' title='bbox 814 9823 886 9864; x_wconf 84' lang='lat' dir='ltr'>morbis</span> <span class='ocrx_word' id='word_1_245' title='bbox 897 9822 984 9879; x_wconf 82' lang='lat' dir='ltr'>quisunt</span> <span class='ocrx_word' id='word_1_246' title='bbox 992 9824 1012 9861; x_wconf 93' lang='lat' dir='ltr'>in</span> <span class='ocrx_word' id='word_1_247' title='bbox 1025 9824 1067 9876; x_wconf 74' lang='lat' dir='ltr'>ejus</span> <span class='ocrx_word' id='word_1_248' title='bbox 1079 9819 1184 9881; x_wconf 72' lang='lat' dir='ltr'>substantia</span> <span class='ocrx_word' id='word_1_249' title='bbox 1195 9851 1200 9865; x_wconf 86' lang='lat'><em>‚</em></span> <span class='ocrx_word' id='word_1_250' title='bbox 1212 9834 1245 9860; x_wconf 85' lang='lat' dir='ltr'>aue</span> 
     </span>
     <span class='ocr_line' id='line_1_43' title="bbox 791 9876 1245 9936; baseline -0.004 -18"><span class='ocrx_word' id='word_1_251' title='bbox 791 9881 811 9919; x_wconf 87' lang='lat' dir='ltr'>in</span> <span class='ocrx_word' id='word_1_252' title='bbox 824 9879 875 9920; x_wconf 84' lang='lat' dir='ltr'>illius</span> <span class='ocrx_word' id='word_1_253' title='bbox 886 9881 933 9920; x_wconf 81' lang='lat' dir='ltr'>vasis</span> <span class='ocrx_word' id='word_1_254' title='bbox 940 9898 946 9926; x_wconf 72' lang='lat'>3</span> <span class='ocrx_word' id='word_1_255' title='bbox 962 9878 1067 9936; x_wconf 77' lang='lat' dir='ltr'>sympatice</span> <span class='ocrx_word' id='word_1_256' title='bbox 1080 9876 1245 9919; x_wconf 67' lang='lat' dir='ltr'>sconirniucum</span> 
     </span>
     <span class='ocr_line' id='line_1_44' title="bbox 791 9934 1246 9992; baseline -0.007 -16"><span class='ocrx_word' id='word_1_257' title='bbox 791 9936 832 9977; x_wconf 78' lang='lat' dir='ltr'>aliis</span> <span class='ocrx_word' id='word_1_258' title='bbox 843 9938 934 9992; x_wconf 73' lang='lat' dir='ltr'>partibus</span> <span class='ocrx_word' id='word_1_259' title='bbox 951 9935 1054 9978; x_wconf 83' lang='lat' dir='ltr'>Consentit</span> <span class='ocrx_word' id='word_1_260' title='bbox 1062 9936 1129 9990; x_wconf 70' lang='lat' dir='ltr'>pulmo</span> <span class='ocrx_word' id='word_1_261' title='bbox 1139 9950 1185 9975; x_wconf 84' lang='lat' dir='ltr'>cum</span> <span class='ocrx_word' id='word_1_262' title='bbox 1193 9934 1246 9987; x_wconf 84' lang='lat' dir='ltr'>pleu-</span> 
     </span>
     <span class='ocr_line' id='line_1_45' title="bbox 792 9991 1247 10051; baseline -0.007 -18"><span class='ocrx_word' id='word_1_263' title='bbox 792 10007 812 10033; x_wconf 89' lang='lat' dir='ltr'>ra</span> <span class='ocrx_word' id='word_1_264' title='bbox 822 10024 828 10041; x_wconf 85' lang='lat'>,</span> <span class='ocrx_word' id='word_1_265' title='bbox 839 10010 886 10035; x_wconf 92' lang='lat' dir='ltr'>cuin</span> <span class='ocrx_word' id='word_1_266' title='bbox 899 9996 1058 10051; x_wconf 79' lang='lat' dir='ltr'>diaphragmate‚</span> <span class='ocrx_word' id='word_1_267' title='bbox 1068 10008 1113 10033; x_wconf 88' lang='lat' dir='ltr'>cum</span> <span class='ocrx_word' id='word_1_268' title='bbox 1121 9991 1247 10035; x_wconf 81' lang='lat' dir='ltr'>mediastino,</span> 
     </span>
     <span class='ocr_line' id='line_1_46' title="bbox 792 10052 1247 10100; baseline -0.007 -10"><span class='ocrx_word' id='word_1_269' title='bbox 792 10065 838 10091; x_wconf 91' lang='lat' dir='ltr'>cum</span> <span class='ocrx_word' id='word_1_270' title='bbox 850 10054 926 10100; x_wconf 86' lang='lat' dir='ltr'>corde,</span> <span class='ocrx_word' id='word_1_271' title='bbox 938 10068 985 10094; x_wconf 88' lang='lat' dir='ltr'>cum</span> <span class='ocrx_word' id='word_1_272' title='bbox 998 10056 1080 10092; x_wconf 77' lang='lat' dir='ltr'>cavitate</span> <span class='ocrx_word' id='word_1_273' title='bbox 1093 10052 1189 10096; x_wconf 76' lang='lat' dir='ltr'>tlioraciS,</span> <span class='ocrx_word' id='word_1_274' title='bbox 1201 10063 1247 10090; x_wconf 85' lang='lat' dir='ltr'>curn</span> 
     </span>
    </p>
   </div>
   <div class='ocr_carea' id='block_1_8' title="bbox 291 10049 1257 12131">
    <p class='ocr_par' dir='ltr' id='par_1_10' title="bbox 291 10049 1257 12131">
     <span class='ocr_line' id='line_1_47' title="bbox 295 10049 753 10107; baseline 0.011 -19"><span class='ocrx_word' id='word_1_275' title='bbox 295 10051 344 10091; x_wconf 86' lang='lat' dir='ltr'>dens</span> <span class='ocrx_word' id='word_1_276' title='bbox 359 10050 369 10091; x_wconf 74' lang='grc' dir='ltr'>ὲ</span> <span class='ocrx_word' id='word_1_277' title='bbox 383 10049 440 10091; x_wconf 88' lang='lat' dir='ltr'>causa</span> <span class='ocrx_word' id='word_1_278' title='bbox 454 10050 620 10107; x_wconf 79' lang='lat' dir='ltr'>praeternaturali,</span> <span class='ocrx_word' id='word_1_279' title='bbox 632 10052 671 10093; x_wconf 88' lang='lat' dir='ltr'>sive</span> <span class='ocrx_word' id='word_1_280' title='bbox 683 10050 753 10093; x_wconf 72' lang='lat' dir='ltr'>&#39;ariari-</span> 
     </span>
     <span class='ocr_line' id='line_1_48' title="bbox 297 10106 1246 10162; baseline -0.001 -15"><span class='ocrx_word' id='word_1_281' title='bbox 297 10106 333 10147; x_wconf 79' lang='lat' dir='ltr'>bus</span> <span class='ocrx_word' id='word_1_282' title='bbox 346 10108 451 10156; x_wconf 84' lang='lat' dir='ltr'>violentis,</span> <span class='ocrx_word' id='word_1_283' title='bbox 463 10117 483 10149; x_wconf 70' lang='lat' dir='ltr'>bc</span> <span class='ocrx_word' id='word_1_284' title='bbox 493 10112 550 10149; x_wconf 81' lang='lat' dir='ltr'>nimia</span> <span class='ocrx_word' id='word_1_285' title='bbox 559 10108 613 10149; x_wconf 89' lang='lat' dir='ltr'>mole</span> <span class='ocrx_word' id='word_1_286' title='bbox 625 10110 752 10151; x_wconf 79' lang='lat' dir='ltr'>disiendeiiti-</span> <span class='ocrx_word' id='word_1_287' title='bbox 765 10108 878 10150; x_wconf 82' lang='lat' dir='ltr'>Ctboracis</span> <span class='ocrx_word' id='word_1_288' title='bbox 890 10108 979 10151; x_wconf 74' lang='lat' dir='ltr'>musculis</span> <span class='ocrx_word' id='word_1_289' title='bbox 991 10141 997 10158; x_wconf 81' lang='lat'>‚</span> <span class='ocrx_word' id='word_1_290' title='bbox 1012 10124 1046 10148; x_wconf 87' lang='lat' dir='ltr'>aut</span> <span class='ocrx_word' id='word_1_291' title='bbox 1058 10109 1169 10162; x_wconf 78' lang='lat' dir='ltr'>laryngibus</span> <span class='ocrx_word' id='word_1_292' title='bbox 1182 10139 1187 10156; x_wconf 87' lang='lat'>‚</span> <span class='ocrx_word' id='word_1_293' title='bbox 1200 10121 1246 10147; x_wconf 89' lang='lat' dir='ltr'>cum</span> 
     </span>
     <span class='ocr_line' id='line_1_49' title="bbox 296 10163 1247 10223; baseline -0.003 -19"><span class='ocrx_word' id='word_1_294' title='bbox 296 10163 334 10204; x_wconf 81' lang='lat' dir='ltr'>bus</span> <span class='ocrx_word' id='word_1_295' title='bbox 342 10169 403 10206; x_wconf 80' lang='lat' dir='ltr'>cordis</span> <span class='ocrx_word' id='word_1_296' title='bbox 411 10167 537 10213; x_wconf 82' lang='lat' dir='ltr'>ventriculos,</span> <span class='ocrx_word' id='word_1_297' title='bbox 544 10166 582 10205; x_wconf 82' lang='lat' dir='ltr'>rive</span> <span class='ocrx_word' id='word_1_298' title='bbox 590 10166 623 10207; x_wconf 81' lang='lat' dir='ltr'>nat</span> <span class='ocrx_word' id='word_1_299' title='bbox 632 10181 713 10221; x_wconf 87' lang='lat' dir='ltr'>propter</span> <span class='ocrx_word' id='word_1_300' title='bbox 719 10169 754 10208; x_wconf 85' lang='lat' dir='ltr'>ali·</span> <span class='ocrx_word' id='word_1_301' title='bbox 793 10168 955 10223; x_wconf 74' lang='lat' dir='ltr'>hypochondrin,</span> <span class='ocrx_word' id='word_1_302' title='bbox 963 10167 973 10207; x_wconf 77' lang='lat' dir='ltr'>:l</span> <span class='ocrx_word' id='word_1_303' title='bbox 981 10167 1052 10222; x_wconf 81' lang='lat' dir='ltr'>quibus</span> <span class='ocrx_word' id='word_1_304' title='bbox 1059 10167 1150 10205; x_wconf 81' lang='lat' dir='ltr'>oninibus</span> <span class='ocrx_word' id='word_1_305' title='bbox 1160 10165 1247 10219; x_wconf 86' lang='lat' dir='ltr'>partibus</span> 
     </span>
     <span class='ocr_line' id='line_1_50' title="bbox 297 10220 1249 10280; baseline -0.001 -19"><span class='ocrx_word' id='word_1_306' title='bbox 297 10224 353 10275; x_wconf 81' lang='lat' dir='ltr'>quod</span> <span class='ocrx_word' id='word_1_307' title='bbox 368 10224 522 10278; x_wconf 71' lang='lat' dir='ltr'>preternaturale</span> <span class='ocrx_word' id='word_1_308' title='bbox 533 10235 607 10275; x_wconf 80' lang='lat' dir='ltr'>augens</span> <span class='ocrx_word' id='word_1_309' title='bbox 616 10227 681 10264; x_wconf 89' lang='lat' dir='ltr'>cordis</span> <span class='ocrx_word' id='word_1_310' title='bbox 690 10222 753 10274; x_wconf 84' lang='lat' dir='ltr'>usum,</span> <span class='ocrx_word' id='word_1_311' title='bbox 793 10222 1165 10280; x_wconf 78' lang='lat' dir='ltr'>respirationemimpedientibus,ill{us</span> <span class='ocrx_word' id='word_1_312' title='bbox 1178 10221 1200 10262; x_wconf 83' lang='lat' dir='ltr'>sit</span> <span class='ocrx_word' id='word_1_313' title='bbox 1208 10220 1249 10262; x_wconf 84' lang='lat' dir='ltr'>dis-</span> 
     </span>
     <span class='ocr_line' id='line_1_51' title="bbox 299 10278 1248 10335; baseline -0.002 -15"><span class='ocrx_word' id='word_1_314' title='bbox 299 10286 318 10320; x_wconf 81' lang='lat'>&amp;</span> <span class='ocrx_word' id='word_1_315' title='bbox 331 10294 365 10319; x_wconf 84' lang='lat' dir='ltr'>cor</span> <span class='ocrx_word' id='word_1_316' title='bbox 376 10283 452 10321; x_wconf 77' lang='lat' dir='ltr'>irritant</span> <span class='ocrx_word' id='word_1_317' title='bbox 463 10282 488 10321; x_wconf 85' lang='lat' dir='ltr'>ad</span> <span class='ocrx_word' id='word_1_318' title='bbox 501 10282 603 10322; x_wconf 84' lang='lat' dir='ltr'>edendum</span> <span class='ocrx_word' id='word_1_319' title='bbox 616 10295 697 10335; x_wconf 87' lang='lat' dir='ltr'>pravum</span> <span class='ocrx_word' id='word_1_320' title='bbox 710 10296 755 10322; x_wconf 85' lang='lat' dir='ltr'>mo·</span> <span class='ocrx_word' id='word_1_321' title='bbox 793 10280 903 10327; x_wconf 56' lang='lat' dir='ltr'>stultam&amp;</span> <span class='ocrx_word' id='word_1_322' title='bbox 912 10281 983 10322; x_wconf 77' lang='lat' dir='ltr'>siillam</span> <span class='ocrx_word' id='word_1_323' title='bbox 992 10278 1248 10328; x_wconf 76' lang='lat' dir='ltr'>extoreauieraiit,fitmors</span> 
     </span>
     <span class='ocr_line' id='line_1_52' title="bbox 297 10334 1248 10393; baseline 0.001 -18"><span class='ocrx_word' id='word_1_324' title='bbox 297 10351 353 10382; x_wconf 88' lang='lat' dir='ltr'>tum,</span> <span class='ocrx_word' id='word_1_325' title='bbox 364 10337 402 10377; x_wconf 87' lang='lat' dir='ltr'>sive</span> <span class='ocrx_word' id='word_1_326' title='bbox 411 10340 472 10379; x_wconf 81' lang='lat' dir='ltr'>nimia</span> <span class='ocrx_word' id='word_1_327' title='bbox 480 10338 542 10386; x_wconf 85' lang='lat' dir='ltr'>mole,</span> <span class='ocrx_word' id='word_1_328' title='bbox 551 10338 652 10393; x_wconf 89' lang='lat' dir='ltr'>pondere,</span> <span class='ocrx_word' id='word_1_329' title='bbox 661 10353 755 10379; x_wconf 87' lang='lat' dir='ltr'>autmor-</span> <span class='ocrx_word' id='word_1_330' title='bbox 793 10343 896 10393; x_wconf 88' lang='lat' dir='ltr'>repentina</span> <span class='ocrx_word' id='word_1_331' title='bbox 906 10368 911 10385; x_wconf 88' lang='lat'>,</span> <span class='ocrx_word' id='word_1_332' title='bbox 927 10339 974 10381; x_wconf 77' lang='lat' dir='ltr'>scut</span> <span class='ocrx_word' id='word_1_333' title='bbox 986 10343 1006 10379; x_wconf 69' lang='lat' dir='ltr'>bl</span> <span class='ocrx_word' id='word_1_334' title='bbox 1019 10353 1044 10378; x_wconf 87' lang='lat' dir='ltr'>eir</span> <span class='ocrx_word' id='word_1_335' title='bbox 1054 10336 1171 10392; x_wconf 80' lang='lat' dir='ltr'>apoplexia,</span> <span class='ocrx_word' id='word_1_336' title='bbox 1186 10334 1198 10376; x_wconf 76' lang='lat' dir='ltr'>al</span> <span class='ocrx_word' id='word_1_337' title='bbox 1209 10351 1248 10391; x_wconf 75' lang='lat' dir='ltr'>qua</span> 
     </span>
     <span class='ocr_line' id='line_1_53' title="bbox 297 10390 1248 10451; baseline 0 -19"><span class='ocrx_word' id='word_1_338' title='bbox 297 10390 333 10439; x_wconf 85' lang='lat' dir='ltr'>su,</span> <span class='ocrx_word' id='word_1_339' title='bbox 350 10411 370 10435; x_wconf 90' lang='lat' dir='ltr'>ur</span> <span class='ocrx_word' id='word_1_340' title='bbox 382 10398 441 10437; x_wconf 85' lang='lat' dir='ltr'>docet</span> <span class='ocrx_word' id='word_1_341' title='bbox 449 10395 538 10438; x_wconf 87' lang='lat' dir='ltr'>Galerius</span> <span class='ocrx_word' id='word_1_342' title='bbox 550 10397 571 10435; x_wconf 81' lang='lat' dir='ltr'>de</span> <span class='ocrx_word' id='word_1_343' title='bbox 580 10408 639 10437; x_wconf 78' lang='lat' dir='ltr'>natur.</span> <span class='ocrx_word' id='word_1_344' title='bbox 645 10395 713 10449; x_wconf 71' lang='lat' dir='ltr'>fhcust.</span> <span class='ocrx_word' id='word_1_345' title='bbox 722 10412 754 10436; x_wconf 77' lang='lat' dir='ltr'>ca.</span> <span class='ocrx_word' id='word_1_346' title='bbox 794 10396 860 10436; x_wconf 74' lang='lat' dir='ltr'>deficit</span> <span class='ocrx_word' id='word_1_347' title='bbox 874 10395 957 10438; x_wconf 80' lang='lat' dir='ltr'>omninb</span> <span class='ocrx_word' id='word_1_348' title='bbox 974 10395 1075 10451; x_wconf 77' lang='lat' dir='ltr'>respiratio</span> <span class='ocrx_word' id='word_1_349' title='bbox 1090 10393 1167 10436; x_wconf 66' lang='lat' dir='ltr'>seiten</span> <span class='ocrx_word' id='word_1_350' title='bbox 1183 10408 1248 10435; x_wconf 81' lang='lat' dir='ltr'>morus</span> 
     </span>
     <span class='ocr_line' id='line_1_54' title="bbox 295 10452 1122 10510; baseline 0.005 -20"><span class='ocrx_word' id='word_1_351' title='bbox 295 10454 330 10504; x_wconf 66' lang='lat' dir='ltr'>pit,</span> <span class='ocrx_word' id='word_1_352' title='bbox 341 10470 356 10492; x_wconf 89' lang='lat'>2.</span> <span class='ocrx_word' id='word_1_353' title='bbox 370 10456 394 10505; x_wconf 23' lang='lat'>&amp;⁴</span> <span class='ocrx_word' id='word_1_354' title='bbox 403 10456 451 10493; x_wconf 89' lang='lat' dir='ltr'>inter</span> <span class='ocrx_word' id='word_1_355' title='bbox 462 10457 555 10508; x_wconf 89' lang='lat' dir='ltr'>patientes</span> <span class='ocrx_word' id='word_1_356' title='bbox 568 10454 633 10493; x_wconf 83' lang='lat' dir='ltr'>cordis</span> <span class='ocrx_word' id='word_1_357' title='bbox 644 10455 754 10510; x_wconf 81' lang='lat' dir='ltr'>palpitatio-</span> <span class='ocrx_word' id='word_1_358' title='bbox 794 10452 927 10494; x_wconf 91' lang='lat' dir='ltr'>musculorum</span> <span class='ocrx_word' id='word_1_359' title='bbox 940 10456 1032 10495; x_wconf 82' lang='lat' dir='ltr'>thoracis·</span> <span class='ocrx_word' id='word_1_360' title='bbox 1119 10454 1122 10457; x_wconf 67' lang='grc'>’</span> 
     </span>
     <span class='ocr_line' id='line_1_55' title="bbox 299 10508 1249 10566; baseline 0.001 -18"><span class='ocrx_word' id='word_1_361' title='bbox 299 10524 347 10549; x_wconf 88' lang='lat' dir='ltr'>nerii</span> <span class='ocrx_word' id='word_1_362' title='bbox 357 10510 448 10564; x_wconf 79' lang='lat' dir='ltr'>plerique</span> <span class='ocrx_word' id='word_1_363' title='bbox 456 10509 538 10563; x_wconf 78' lang='lat' dir='ltr'>repente</span> <span class='ocrx_word' id='word_1_364' title='bbox 547 10513 670 10560; x_wconf 87' lang='lat' dir='ltr'>moriuntur,</span> <span class='ocrx_word' id='word_1_365' title='bbox 678 10524 703 10551; x_wconf 74' lang='lat' dir='ltr'>ex</span> <span class='ocrx_word' id='word_1_366' title='bbox 710 10513 755 10553; x_wconf 86' lang='lat' dir='ltr'>Ga·</span> <span class='ocrx_word' id='word_1_367' title='bbox 824 10508 1081 10566; x_wconf 77' lang='lat' dir='ltr'>Probaturrecuiidb‚quod</span> <span class='ocrx_word' id='word_1_368' title='bbox 1090 10512 1190 10566; x_wconf 89' lang='lat' dir='ltr'>repentina</span> <span class='ocrx_word' id='word_1_369' title='bbox 1198 10523 1249 10550; x_wconf 89' lang='lat' dir='ltr'>mors</span> 
     </span>
     <span class='ocr_line' id='line_1_56' title="bbox 298 10564 1247 10624; baseline 0.003 -19"><span class='ocrx_word' id='word_1_370' title='bbox 298 10564 345 10606; x_wconf 89' lang='lat' dir='ltr'>leno</span> <span class='ocrx_word' id='word_1_371' title='bbox 359 10568 408 10608; x_wconf 53' lang='lat' dir='ltr'>stile.</span> <span class='ocrx_word' id='word_1_372' title='bbox 417 10569 438 10606; x_wconf 80' lang='lat' dir='ltr'>dt</span> <span class='ocrx_word' id='word_1_373' title='bbox 445 10567 566 10623; x_wconf 68' lang='lat' dir='ltr'>prafhgmx</span> <span class='ocrx_word' id='word_1_374' title='bbox 572 10567 693 10623; x_wconf 68' lang='lat' dir='ltr'>pulstsaeap4.</span> <span class='ocrx_word' id='word_1_375' title='bbox 701 10569 753 10624; x_wconf 58' lang='lat' dir='ltr'>libre</span> <span class='ocrx_word' id='word_1_376' title='bbox 793 10568 848 10622; x_wconf 79' lang='lat' dir='ltr'>possit</span> <span class='ocrx_word' id='word_1_377' title='bbox 854 10572 956 10624; x_wconf 74' lang='lat' dir='ltr'>praevideri</span> <span class='ocrx_word' id='word_1_378' title='bbox 967 10584 991 10610; x_wconf 80' lang='lat' dir='ltr'>ex</span> <span class='ocrx_word' id='word_1_379' title='bbox 1001 10570 1059 10623; x_wconf 75' lang='lat' dir='ltr'>siguis</span> <span class='ocrx_word' id='word_1_380' title='bbox 1066 10567 1169 10624; x_wconf 81' lang='lat' dir='ltr'>desumptis</span> <span class='ocrx_word' id='word_1_381' title='bbox 1178 10566 1190 10607; x_wconf 70' lang='lat' dir='ltr'>al</span> <span class='ocrx_word' id='word_1_382' title='bbox 1199 10582 1247 10623; x_wconf 82' lang='lat' dir='ltr'>qua·</span> 
     </span>
     <span class='ocr_line' id='line_1_57' title="bbox 298 10621 1250 10682; baseline 0.004 -21"><span class='ocrx_word' id='word_1_383' title='bbox 298 10623 320 10662; x_wconf 79' lang='lat' dir='ltr'>de</span> <span class='ocrx_word' id='word_1_384' title='bbox 328 10622 487 10678; x_wconf 53' lang='lat' dir='ltr'>sweep-ascesi,</span> <span class='ocrx_word' id='word_1_385' title='bbox 495 10627 654 10681; x_wconf 76' lang='lat' dir='ltr'>aphor.crmm.4i.</span> <span class='ocrx_word' id='word_1_386' title='bbox 794 10629 848 10666; x_wconf 76' lang='lat' dir='ltr'>litare</span> <span class='ocrx_word' id='word_1_387' title='bbox 861 10642 949 10677; x_wconf 84' lang='lat' dir='ltr'>mutata,</span> <span class='ocrx_word' id='word_1_388' title='bbox 962 10642 987 10667; x_wconf 76' lang='lat' dir='ltr'>ex</span> <span class='ocrx_word' id='word_1_389' title='bbox 1001 10628 1108 10682; x_wconf 81' lang='lat' dir='ltr'>repletione</span> <span class='ocrx_word' id='word_1_390' title='bbox 1120 10625 1188 10682; x_wconf 84' lang='lat' dir='ltr'>quoad</span> <span class='ocrx_word' id='word_1_391' title='bbox 1200 10621 1250 10671; x_wconf 85' lang='lat' dir='ltr'>vasa,</span> 
     </span>
     <span class='ocr_line' id='line_1_58' title="bbox 330 10681 1249 10739; baseline 0.002 -18"><span class='ocrx_word' id='word_1_392' title='bbox 330 10684 384 10722; x_wconf 85' lang='lat' dir='ltr'>Tum</span> <span class='ocrx_word' id='word_1_393' title='bbox 399 10681 514 10739; x_wconf 79' lang='lat' dir='ltr'>frequentes</span> <span class='ocrx_word' id='word_1_394' title='bbox 526 10683 621 10739; x_wconf 73' lang='lat' dir='ltr'>syncoper</span> <span class='ocrx_word' id='word_1_395' title='bbox 633 10687 755 10739; x_wconf 85' lang='lat' dir='ltr'>repentinam</span> <span class='ocrx_word' id='word_1_396' title='bbox 794 10697 829 10723; x_wconf 82' lang='lat' dir='ltr'>aut</span> <span class='ocrx_word' id='word_1_397' title='bbox 838 10686 905 10738; x_wconf 82' lang='lat' dir='ltr'>quoad</span> <span class='ocrx_word' id='word_1_398' title='bbox 915 10689 976 10733; x_wconf 83' lang='lat' dir='ltr'>vires,</span> <span class='ocrx_word' id='word_1_399' title='bbox 987 10699 1013 10725; x_wconf 81' lang='lat' dir='ltr'>ex</span> <span class='ocrx_word' id='word_1_400' title='bbox 1026 10686 1107 10731; x_wconf 79' lang='lat' dir='ltr'>habitu,</span> <span class='ocrx_word' id='word_1_401' title='bbox 1118 10699 1152 10725; x_wconf 89' lang='lat' dir='ltr'>aut</span> <span class='ocrx_word' id='word_1_402' title='bbox 1164 10682 1249 10723; x_wconf 87' lang='lat' dir='ltr'>obesita-</span> 
     </span>
     <span class='ocr_line' id='line_1_59' title="bbox 294 10742 1249 10797; baseline 0.003 -20"><span class='ocrx_word' id='word_1_403' title='bbox 294 10752 384 10788; x_wconf 69' lang='lat' dir='ltr'>vmortem</span> <span class='ocrx_word' id='word_1_404' title='bbox 397 10745 547 10795; x_wconf 57' lang='lat' dir='ltr'>praenuntiant,</span> <span class='ocrx_word' id='word_1_405' title='bbox 568 10757 590 10781; x_wconf 88' lang='lat' dir='ltr'>ur</span> <span class='ocrx_word' id='word_1_406' title='bbox 601 10742 660 10782; x_wconf 84' lang='lat' dir='ltr'>docet</span> <span class='ocrx_word' id='word_1_407' title='bbox 673 10745 755 10797; x_wconf 80' lang='lat' dir='ltr'>Hippo·</span> <span class='ocrx_word' id='word_1_408' title='bbox 796 10755 814 10780; x_wconf 88' lang='lat' dir='ltr'>te</span> <span class='ocrx_word' id='word_1_409' title='bbox 827 10744 928 10796; x_wconf 83' lang='lat' dir='ltr'>corporis,</span> <span class='ocrx_word' id='word_1_410' title='bbox 940 10756 964 10783; x_wconf 83' lang='lat' dir='ltr'>ex</span> <span class='ocrx_word' id='word_1_411' title='bbox 976 10742 1084 10791; x_wconf 83' lang='lat' dir='ltr'>saeiei‚aut</span> <span class='ocrx_word' id='word_1_412' title='bbox 1094 10742 1198 10783; x_wconf 75' lang='lat' dir='ltr'>oculorum</span> <span class='ocrx_word' id='word_1_413' title='bbox 1204 10755 1249 10781; x_wconf 89' lang='lat' dir='ltr'>mu-</span> 
     </span>
     <span class='ocr_line' id='line_1_60' title="bbox 299 10791 1249 10854; baseline 0.002 -19"><span class='ocrx_word' id='word_1_414' title='bbox 299 10810 361 10837; x_wconf 84' lang='lat' dir='ltr'>crates</span> <span class='ocrx_word' id='word_1_415' title='bbox 376 10798 465 10852; x_wconf 59' lang='lat' dir='ltr'>zaphat.</span> <span class='ocrx_word' id='word_1_416' title='bbox 473 10817 506 10848; x_wconf 74' lang='lat'>4¹·</span> <span class='ocrx_word' id='word_1_417' title='bbox 520 10802 560 10853; x_wconf 76' lang='lat' dir='ltr'>Qi</span> <span class='ocrx_word' id='word_1_418' title='bbox 566 10801 678 10854; x_wconf 73' lang='lat' dir='ltr'>frequenter,</span> <span class='ocrx_word' id='word_1_419' title='bbox 690 10799 756 10854; x_wconf 68' lang='lat' dir='ltr'>arfri—</span> <span class='ocrx_word' id='word_1_420' title='bbox 766 10791 786 10831; x_wconf 81' lang='lat' dir='ltr'>D</span> <span class='ocrx_word' id='word_1_421' title='bbox 796 10811 835 10838; x_wconf 83' lang='lat' dir='ltr'>tato</span> <span class='ocrx_word' id='word_1_422' title='bbox 846 10800 919 10840; x_wconf 63' lang='lat' dir='ltr'>colore.</span> <span class='ocrx_word' id='word_1_423' title='bbox 938 10801 1043 10842; x_wconf 84' lang='lat' dir='ltr'>Plenitudo</span> <span class='ocrx_word' id='word_1_424' title='bbox 1058 10814 1082 10840; x_wconf 83' lang='lat' dir='ltr'>eir</span> <span class='ocrx_word' id='word_1_425' title='bbox 1095 10798 1175 10840; x_wconf 75' lang='lat' dir='ltr'>Galerio</span> <span class='ocrx_word' id='word_1_426' title='bbox 1187 10799 1218 10839; x_wconf 74' lang='lat' dir='ltr'>lib.</span> <span class='ocrx_word' id='word_1_427' title='bbox 1227 10798 1249 10837; x_wconf 83' lang='lat' dir='ltr'>de</span> 
     </span>
     <span class='ocr_line' id='line_1_61' title="bbox 299 10854 1251 10913; baseline 0.004 -22"><span class='ocrx_word' id='word_1_428' title='bbox 299 10867 343 10893; x_wconf 82' lang='lat' dir='ltr'>mer</span> <span class='ocrx_word' id='word_1_429' title='bbox 349 10854 390 10906; x_wconf 80' lang='lat' dir='ltr'>fine</span> <span class='ocrx_word' id='word_1_430' title='bbox 403 10858 457 10911; x_wconf 52' lang='lat' dir='ltr'>caepa</span> <span class='ocrx_word' id='word_1_431' title='bbox 470 10856 564 10911; x_wconf 67' lang='lat' dir='ltr'>anaaiftstn</span> <span class='ocrx_word' id='word_1_432' title='bbox 577 10856 711 10909; x_wconf 71' lang='lat' dir='ltr'>exsultantur,</span> <span class='ocrx_word' id='word_1_433' title='bbox 728 10859 757 10898; x_wconf 78' lang='lat' dir='ltr'>dc·</span> <span class='ocrx_word' id='word_1_434' title='bbox 793 10859 858 10910; x_wconf 72' lang='lat' dir='ltr'>plenia</span> <span class='ocrx_word' id='word_1_435' title='bbox 875 10859 897 10903; x_wconf 68' lang='lat' dir='ltr'>e&#39;r</span> <span class='ocrx_word' id='word_1_436' title='bbox 910 10855 1029 10913; x_wconf 62' lang='lat' dir='ltr'>maphorrsm.</span> <span class='ocrx_word' id='word_1_437' title='bbox 1039 10874 1056 10910; x_wconf 74' lang='lat'>3,</span> <span class='ocrx_word' id='word_1_438' title='bbox 1078 10855 1106 10897; x_wconf 82' lang='lat' dir='ltr'>est</span> <span class='ocrx_word' id='word_1_439' title='bbox 1119 10857 1251 10897; x_wconf 82' lang='lat' dir='ltr'>redundantia</span> 
     </span>
     <span class='ocr_line' id='line_1_62' title="bbox 300 10911 1251 10971; baseline 0.002 -22"><span class='ocrx_word' id='word_1_440' title='bbox 300 10918 489 10965; x_wconf 69' lang='lat' dir='ltr'>reperiremtriumirr.</span> <span class='ocrx_word' id='word_1_441' title='bbox 512 10915 541 10955; x_wconf 81' lang='lat' dir='ltr'>&#39;est</span> <span class='ocrx_word' id='word_1_442' title='bbox 558 10929 613 10955; x_wconf 88' lang='lat' dir='ltr'>enim</span> <span class='ocrx_word' id='word_1_443' title='bbox 627 10913 758 10969; x_wconf 82' lang='lat' dir='ltr'>syncope,ut</span> <span class='ocrx_word' id='word_1_444' title='bbox 796 10911 896 10968; x_wconf 78' lang='lat' dir='ltr'>sanguinis</span> <span class='ocrx_word' id='word_1_445' title='bbox 915 10913 970 10971; x_wconf 88' lang='lat' dir='ltr'>supra</span> <span class='ocrx_word' id='word_1_446' title='bbox 985 10930 1073 10956; x_wconf 81' lang='lat' dir='ltr'>veterem</span> <span class='ocrx_word' id='word_1_447' title='bbox 1090 10912 1183 10955; x_wconf 74' lang='lat' dir='ltr'>servarim</span> <span class='ocrx_word' id='word_1_448' title='bbox 1198 10927 1251 10967; x_wconf 85' lang='lat' dir='ltr'>pro-</span> 
     </span>
     <span class='ocr_line' id='line_1_63' title="bbox 301 10971 1251 11029; baseline 0.001 -20"><span class='ocrx_word' id='word_1_449' title='bbox 301 10971 397 11018; x_wconf 80' lang='lat' dir='ltr'>dirirnus,</span> <span class='ocrx_word' id='word_1_450' title='bbox 409 10980 461 11027; x_wconf 73' lang='lat' dir='ltr'>uror&#39;ij</span> <span class='ocrx_word' id='word_1_451' title='bbox 474 10975 493 11013; x_wconf 91' lang='lat' dir='ltr'>in</span> <span class='ocrx_word' id='word_1_452' title='bbox 505 10972 563 11020; x_wconf 74' lang='lat' dir='ltr'>iieri,</span> <span class='ocrx_word' id='word_1_453' title='bbox 581 10972 630 11012; x_wconf 81' lang='lat' dir='ltr'>sicut</span> <span class='ocrx_word' id='word_1_454' title='bbox 642 10974 759 11029; x_wconf 77' lang='lat' dir='ltr'>lipotlaymia</span> <span class='ocrx_word' id='word_1_455' title='bbox 798 10974 911 11025; x_wconf 87' lang='lat' dir='ltr'>portionem</span> <span class='ocrx_word' id='word_1_456' title='bbox 922 10974 1007 11014; x_wconf 84' lang='lat' dir='ltr'>debitam</span> <span class='ocrx_word' id='word_1_457' title='bbox 1023 10992 1028 11013; x_wconf 81' lang='lat' dir='ltr'>r</span> <span class='ocrx_word' id='word_1_458' title='bbox 1044 10987 1068 11013; x_wconf 86' lang='lat' dir='ltr'>ex</span> <span class='ocrx_word' id='word_1_459' title='bbox 1080 10973 1117 11013; x_wconf 85' lang='lat' dir='ltr'>liae</span> <span class='ocrx_word' id='word_1_460' title='bbox 1129 10971 1251 11026; x_wconf 81' lang='lat' dir='ltr'>superabun-</span> 
     </span>
     <span class='ocr_line' id='line_1_64' title="bbox 302 11025 1252 11086; baseline 0 -19"><span class='ocrx_word' id='word_1_461' title='bbox 302 11025 330 11067; x_wconf 76' lang='lat' dir='ltr'>est</span> <span class='ocrx_word' id='word_1_462' title='bbox 341 11031 370 11069; x_wconf 85' lang='lat' dir='ltr'>via</span> <span class='ocrx_word' id='word_1_463' title='bbox 381 11033 406 11068; x_wconf 80' lang='lat' dir='ltr'>ad</span> <span class='ocrx_word' id='word_1_464' title='bbox 418 11027 530 11085; x_wconf 65' lang='lat' dir='ltr'>syrienpsm.</span> <span class='ocrx_word' id='word_1_465' title='bbox 549 11033 758 11086; x_wconf 79' lang='lat' dir='ltr'>Tummorrisrepcii-</span> <span class='ocrx_word' id='word_1_466' title='bbox 798 11030 853 11070; x_wconf 84' lang='lat' dir='ltr'>danti</span> <span class='ocrx_word' id='word_1_467' title='bbox 869 11045 921 11071; x_wconf 91' lang='lat' dir='ltr'>mors</span> <span class='ocrx_word' id='word_1_468' title='bbox 940 11034 1040 11085; x_wconf 85' lang='lat' dir='ltr'>repentina</span> <span class='ocrx_word' id='word_1_469' title='bbox 1059 11030 1110 11070; x_wconf 85' lang='lat' dir='ltr'>valet</span> <span class='ocrx_word' id='word_1_470' title='bbox 1123 11031 1252 11083; x_wconf 80' lang='lat' dir='ltr'>contingere,</span> 
     </span>
     <span class='ocr_line' id='line_1_65' title="bbox 303 11085 1250 11143; baseline 0.002 -20"><span class='ocrx_word' id='word_1_471' title='bbox 303 11087 350 11128; x_wconf 73' lang='lat' dir='ltr'>tine</span> <span class='ocrx_word' id='word_1_472' title='bbox 359 11085 388 11125; x_wconf 71' lang='lat' dir='ltr'>es&#39;t</span> <span class='ocrx_word' id='word_1_473' title='bbox 400 11086 476 11142; x_wconf 78' lang='lat' dir='ltr'>signum</span> <span class='ocrx_word' id='word_1_474' title='bbox 490 11117 496 11135; x_wconf 94' lang='lat'>,</span> <span class='ocrx_word' id='word_1_475' title='bbox 516 11090 528 11128; x_wconf 88' lang='lat' dir='ltr'>si</span> <span class='ocrx_word' id='word_1_476' title='bbox 542 11085 615 11143; x_wconf 82' lang='lat' dir='ltr'>spiritus</span> <span class='ocrx_word' id='word_1_477' title='bbox 627 11089 719 11129; x_wconf 81' lang='lat' dir='ltr'>deficiant</span> <span class='ocrx_word' id='word_1_478' title='bbox 732 11089 759 11129; x_wconf 86' lang='lat' dir='ltr'>ob</span> <span class='ocrx_word' id='word_1_479' title='bbox 798 11099 824 11126; x_wconf 72' lang='lat' dir='ltr'>ex</span> <span class='ocrx_word' id='word_1_480' title='bbox 837 11089 963 11143; x_wconf 81' lang='lat' dir='ltr'>Hippocrate</span> <span class='ocrx_word' id='word_1_481' title='bbox 981 11107 1001 11140; x_wconf 76' lang='lat'>4.</span> <span class='ocrx_word' id='word_1_482' title='bbox 1011 11090 1033 11127; x_wconf 70' lang='lat' dir='ltr'>a&#39;e</span> <span class='ocrx_word' id='word_1_483' title='bbox 1045 11101 1082 11127; x_wconf 76' lang='lat' dir='ltr'>rat.</span> <span class='ocrx_word' id='word_1_484' title='bbox 1099 11091 1157 11128; x_wconf 50' lang='lat' dir='ltr'>tritius</span> <span class='ocrx_word' id='word_1_485' title='bbox 1172 11091 1191 11126; x_wconf 81' lang='lat' dir='ltr'>iu</span> <span class='ocrx_word' id='word_1_486' title='bbox 1204 11098 1250 11126; x_wconf 71' lang='lat' dir='ltr'>acui.</span> 
     </span>
     <span class='ocr_line' id='line_1_66' title="bbox 304 11139 1252 11200; baseline 0.003 -20"><span class='ocrx_word' id='word_1_487' title='bbox 304 11139 384 11198; x_wconf 80' lang='lat' dir='ltr'>longam</span> <span class='ocrx_word' id='word_1_488' title='bbox 396 11147 545 11186; x_wconf 80' lang='lat' dir='ltr'>evacuationem</span> <span class='ocrx_word' id='word_1_489' title='bbox 556 11146 582 11186; x_wconf 89' lang='lat' dir='ltr'>ob</span> <span class='ocrx_word' id='word_1_490' title='bbox 594 11149 673 11187; x_wconf 82' lang='lat' dir='ltr'>nimiam</span> <span class='ocrx_word' id='word_1_491' title='bbox 686 11143 759 11187; x_wconf 87' lang='lat' dir='ltr'>resolu-</span> <span class='ocrx_word' id='word_1_492' title='bbox 799 11143 825 11184; x_wconf 78' lang='lat' dir='ltr'>ob</span> <span class='ocrx_word' id='word_1_493' title='bbox 838 11149 1002 11200; x_wconf 86' lang='lat' dir='ltr'>interceptionem</span> <span class='ocrx_word' id='word_1_494' title='bbox 1017 11160 1130 11193; x_wconf 84' lang='lat' dir='ltr'>venarum,</span> <span class='ocrx_word' id='word_1_495' title='bbox 1143 11143 1207 11185; x_wconf 86' lang='lat' dir='ltr'>velex</span> <span class='ocrx_word' id='word_1_496' title='bbox 1218 11158 1252 11189; x_wconf 72' lang='lat' dir='ltr'>en-</span> 
     </span>
     <span class='ocr_line' id='line_1_67' title="bbox 304 11198 1252 11259; baseline 0.005 -19"><span class='ocrx_word' id='word_1_497' title='bbox 304 11204 450 11255; x_wconf 82' lang='lat' dir='ltr'>tionem‚quia</span> <span class='ocrx_word' id='word_1_498' title='bbox 459 11205 479 11241; x_wconf 89' lang='lat' dir='ltr'>in</span> <span class='ocrx_word' id='word_1_499' title='bbox 492 11202 544 11244; x_wconf 85' lang='lat' dir='ltr'>sebie</span> <span class='ocrx_word' id='word_1_500' title='bbox 552 11206 651 11258; x_wconf 79' lang='lat' dir='ltr'>pendente</span> <span class='ocrx_word' id='word_1_501' title='bbox 662 11220 687 11244; x_wconf 83' lang='lat' dir='ltr'>eir</span> <span class='ocrx_word' id='word_1_502' title='bbox 695 11208 758 11246; x_wconf 69' lang='lat' dir='ltr'>tenui·</span> <span class='ocrx_word' id='word_1_503' title='bbox 799 11202 845 11244; x_wconf 90' lang='lat' dir='ltr'>dem</span> <span class='ocrx_word' id='word_1_504' title='bbox 861 11198 1002 11258; x_wconf 63' lang='lat' dir='ltr'>i.aphtrr‘sm.3¹</span> <span class='ocrx_word' id='word_1_505' title='bbox 1023 11206 1069 11259; x_wconf 88' lang='lat' dir='ltr'>quia</span> <span class='ocrx_word' id='word_1_506' title='bbox 1085 11205 1099 11245; x_wconf 91' lang='lat' dir='ltr'>si</span> <span class='ocrx_word' id='word_1_507' title='bbox 1118 11203 1143 11243; x_wconf 82' lang='lat' dir='ltr'>ad</span> <span class='ocrx_word' id='word_1_508' title='bbox 1157 11199 1252 11244; x_wconf 87' lang='lat' dir='ltr'>summam</span> 
     </span>
     <span class='ocr_line' id='line_1_68' title="bbox 305 11257 1252 11317; baseline 0.007 -20"><span class='ocrx_word' id='word_1_509' title='bbox 305 11257 341 11297; x_wconf 89' lang='lat' dir='ltr'>bus</span> <span class='ocrx_word' id='word_1_510' title='bbox 353 11260 485 11307; x_wconf 80' lang='lat' dir='ltr'>humoribus,</span> <span class='ocrx_word' id='word_1_511' title='bbox 501 11262 561 11301; x_wconf 87' lang='lat' dir='ltr'>virtus</span> <span class='ocrx_word' id='word_1_512' title='bbox 573 11259 600 11301; x_wconf 82' lang='lat' dir='ltr'>est</span> <span class='ocrx_word' id='word_1_513' title='bbox 614 11261 685 11302; x_wconf 82' lang='lat' dir='ltr'>debilis</span> <span class='ocrx_word' id='word_1_514' title='bbox 697 11292 702 11309; x_wconf 89' lang='lat'>,</span> <span class='ocrx_word' id='word_1_515' title='bbox 716 11266 760 11317; x_wconf 89' lang='lat' dir='ltr'>pori</span> <span class='ocrx_word' id='word_1_516' title='bbox 799 11258 908 11302; x_wconf 78' lang='lat' dir='ltr'>bonitatem</span> <span class='ocrx_word' id='word_1_517' title='bbox 920 11263 1020 11316; x_wconf 85' lang='lat' dir='ltr'>perveniat</span> <span class='ocrx_word' id='word_1_518' title='bbox 1035 11262 1095 11302; x_wconf 88' lang='lat' dir='ltr'>bomo</span> <span class='ocrx_word' id='word_1_519' title='bbox 1106 11260 1252 11311; x_wconf 85' lang='lat' dir='ltr'>,illiushabitus</span> 
     </span>
     <span class='ocr_line' id='line_1_69' title="bbox 304 11312 1253 11374; baseline 0.008 -20"><span class='ocrx_word' id='word_1_520' title='bbox 304 11312 348 11355; x_wconf 91' lang='lat' dir='ltr'>sunt</span> <span class='ocrx_word' id='word_1_521' title='bbox 359 11320 406 11362; x_wconf 88' lang='lat' dir='ltr'>rari,</span> <span class='ocrx_word' id='word_1_522' title='bbox 417 11333 437 11357; x_wconf 89' lang='lat' dir='ltr'>ut</span> <span class='ocrx_word' id='word_1_523' title='bbox 451 11320 471 11357; x_wconf 91' lang='lat' dir='ltr'>iri</span> <span class='ocrx_word' id='word_1_524' title='bbox 485 11316 579 11374; x_wconf 80' lang='lat' dir='ltr'>syncopali</span> <span class='ocrx_word' id='word_1_525' title='bbox 591 11321 665 11361; x_wconf 82' lang='lat' dir='ltr'>minuta</span> <span class='ocrx_word' id='word_1_526' title='bbox 673 11351 678 11368; x_wconf 82' lang='lat'>,</span> <span class='ocrx_word' id='word_1_527' title='bbox 686 11323 706 11360; x_wconf 88' lang='lat' dir='ltr'>iri</span> <span class='ocrx_word' id='word_1_528' title='bbox 714 11334 759 11362; x_wconf 81' lang='lat' dir='ltr'>aeta.</span> <span class='ocrx_word' id='word_1_529' title='bbox 798 11316 826 11358; x_wconf 88' lang='lat' dir='ltr'>est</span> <span class='ocrx_word' id='word_1_530' title='bbox 838 11318 968 11373; x_wconf 80' lang='lat' dir='ltr'>periculosus,</span> <span class='ocrx_word' id='word_1_531' title='bbox 984 11318 1016 11358; x_wconf 89' lang='lat' dir='ltr'>vel</span> <span class='ocrx_word' id='word_1_532' title='bbox 1030 11335 1051 11359; x_wconf 90' lang='lat' dir='ltr'>ut</span> <span class='ocrx_word' id='word_1_533' title='bbox 1064 11334 1118 11361; x_wconf 82' lang='lat' dir='ltr'>tenet</span> <span class='ocrx_word' id='word_1_534' title='bbox 1128 11318 1218 11361; x_wconf 82' lang='lat' dir='ltr'>Galenus</span> <span class='ocrx_word' id='word_1_535' title='bbox 1233 11325 1253 11362; x_wconf 79' lang='lat' dir='ltr'>ia</span> 
     </span>
     <span class='ocr_line' id='line_1_70' title="bbox 306 11372 1253 11435; baseline 0.005 -21"><span class='ocrx_word' id='word_1_536' title='bbox 306 11389 326 11414; x_wconf 91' lang='lat' dir='ltr'>te</span> <span class='ocrx_word' id='word_1_537' title='bbox 337 11374 420 11427; x_wconf 78' lang='lat' dir='ltr'>juvenili</span> <span class='ocrx_word' id='word_1_538' title='bbox 432 11373 512 11422; x_wconf 87' lang='lat' dir='ltr'>,biliosa</span> <span class='ocrx_word' id='word_1_539' title='bbox 523 11376 679 11430; x_wconf 78' lang='lat' dir='ltr'>complexione,</span> <span class='ocrx_word' id='word_1_540' title='bbox 693 11376 759 11417; x_wconf 70' lang='lat' dir='ltr'>aestivo</span> <span class='ocrx_word' id='word_1_541' title='bbox 799 11389 890 11415; x_wconf 75' lang='lat' dir='ltr'>cornrnear.</span> <span class='ocrx_word' id='word_1_542' title='bbox 906 11379 952 11432; x_wconf 84' lang='lat' dir='ltr'>quia</span> <span class='ocrx_word' id='word_1_543' title='bbox 962 11372 1041 11432; x_wconf 79' lang='lat' dir='ltr'>possunt</span> <span class='ocrx_word' id='word_1_544' title='bbox 1053 11377 1096 11418; x_wconf 88' lang='lat' dir='ltr'>vasa</span> <span class='ocrx_word' id='word_1_545' title='bbox 1107 11374 1171 11418; x_wconf 81' lang='lat' dir='ltr'>subitb</span> <span class='ocrx_word' id='word_1_546' title='bbox 1183 11382 1253 11435; x_wconf 89' lang='lat' dir='ltr'>rumpi.</span> 
     </span>
     <span class='ocr_line' id='line_1_71' title="bbox 305 11432 1253 11491; baseline 0.007 -20"><span class='ocrx_word' id='word_1_547' title='bbox 305 11444 409 11485; x_wconf 86' lang='lat' dir='ltr'>tempore,</span> <span class='ocrx_word' id='word_1_548' title='bbox 419 11432 481 11474; x_wconf 82' lang='lat' dir='ltr'>calida</span> <span class='ocrx_word' id='word_1_549' title='bbox 487 11461 492 11481; x_wconf 84' lang='lat'>,</span> <span class='ocrx_word' id='word_1_550' title='bbox 503 11439 526 11485; x_wconf 46' lang='lat' dir='ltr'>¹ese</span> <span class='ocrx_word' id='word_1_551' title='bbox 535 11432 584 11473; x_wconf 87' lang='lat' dir='ltr'>sicca</span> <span class='ocrx_word' id='word_1_552' title='bbox 594 11435 686 11487; x_wconf 83' lang='lat' dir='ltr'>regione,</span> <span class='ocrx_word' id='word_1_553' title='bbox 695 11438 714 11474; x_wconf 89' lang='lat' dir='ltr'>in</span> <span class='ocrx_word' id='word_1_554' title='bbox 723 11433 759 11475; x_wconf 89' lang='lat' dir='ltr'>vis-</span> <span class='ocrx_word' id='word_1_555' title='bbox 801 11434 908 11479; x_wconf 83' lang='lat' dir='ltr'>Plenitudo</span> <span class='ocrx_word' id='word_1_556' title='bbox 920 11435 985 11489; x_wconf 87' lang='lat' dir='ltr'>quoad</span> <span class='ocrx_word' id='word_1_557' title='bbox 996 11435 1048 11474; x_wconf 87' lang='lat' dir='ltr'>vires</span> <span class='ocrx_word' id='word_1_558' title='bbox 1062 11437 1154 11491; x_wconf 88' lang='lat' dir='ltr'>opprimit</span> <span class='ocrx_word' id='word_1_559' title='bbox 1171 11433 1253 11482; x_wconf 82' lang='lat' dir='ltr'>faculta-</span> 
     </span>
     <span class='ocr_line' id='line_1_72' title="bbox 305 11488 1253 11547; baseline 0.009 -20"><span class='ocrx_word' id='word_1_560' title='bbox 305 11502 374 11529; x_wconf 86' lang='lat' dir='ltr'>cerum</span> <span class='ocrx_word' id='word_1_561' title='bbox 394 11488 548 11532; x_wconf 77' lang='lat' dir='ltr'>iiiiluiiriiarione</span> <span class='ocrx_word' id='word_1_562' title='bbox 564 11519 573 11536; x_wconf 53' lang='lat'>,2</span> <span class='ocrx_word' id='word_1_563' title='bbox 586 11504 620 11529; x_wconf 87' lang='lat' dir='ltr'>aut</span> <span class='ocrx_word' id='word_1_564' title='bbox 635 11490 760 11545; x_wconf 84' lang='lat' dir='ltr'>phlegmone</span> <span class='ocrx_word' id='word_1_565' title='bbox 801 11504 843 11537; x_wconf 80' lang='lat' dir='ltr'>tes,</span> <span class='ocrx_word' id='word_1_566' title='bbox 853 11492 978 11547; x_wconf 85' lang='lat' dir='ltr'>intemperies</span> <span class='ocrx_word' id='word_1_567' title='bbox 987 11495 1076 11535; x_wconf 87' lang='lat' dir='ltr'>immutat</span> <span class='ocrx_word' id='word_1_568' title='bbox 1088 11525 1094 11541; x_wconf 89' lang='lat'>,</span> <span class='ocrx_word' id='word_1_569' title='bbox 1106 11491 1192 11534; x_wconf 85' lang='lat' dir='ltr'>calorem</span> <span class='ocrx_word' id='word_1_570' title='bbox 1203 11498 1253 11536; x_wconf 85' lang='lat' dir='ltr'>vita-</span> 
     </span>
     <span class='ocr_line' id='line_1_73' title="bbox 291 11546 1255 11608; baseline 0.007 -23"><span class='ocrx_word' id='word_1_571' title='bbox 291 11588 293 11592; x_wconf 45' lang='lat'>,</span> <span class='ocrx_word' id='word_1_572' title='bbox 306 11548 427 11601; x_wconf 81' lang='lat' dir='ltr'>impediente</span> <span class='ocrx_word' id='word_1_573' title='bbox 440 11552 565 11590; x_wconf 86' lang='lat' dir='ltr'>nutritionem</span> <span class='ocrx_word' id='word_1_574' title='bbox 577 11546 638 11594; x_wconf 82' lang='lat' dir='ltr'>,sitae</span> <span class='ocrx_word' id='word_1_575' title='bbox 649 11563 689 11602; x_wconf 85' lang='lat' dir='ltr'>qua</span> <span class='ocrx_word' id='word_1_576' title='bbox 706 11551 761 11591; x_wconf 77' lang='lat' dir='ltr'>citius</span> <span class='ocrx_word' id='word_1_577' title='bbox 801 11549 860 11589; x_wconf 87' lang='lat' dir='ltr'>talem</span> <span class='ocrx_word' id='word_1_578' title='bbox 874 11552 983 11604; x_wconf 88' lang='lat' dir='ltr'>opprimit,</span> <span class='ocrx_word' id='word_1_579' title='bbox 1001 11551 1097 11592; x_wconf 85' lang='lat' dir='ltr'>humores</span> <span class='ocrx_word' id='word_1_580' title='bbox 1111 11553 1255 11608; x_wconf 81' lang='lat' dir='ltr'>corrumpendi</span> 
     </span>
     <span class='ocr_line' id='line_1_74' title="bbox 307 11602 1255 11665; baseline 0.008 -22"><span class='ocrx_word' id='word_1_581' title='bbox 307 11602 431 11644; x_wconf 80' lang='lat' dir='ltr'>delabuntur</span> <span class='ocrx_word' id='word_1_582' title='bbox 446 11607 503 11645; x_wconf 74' lang='lat' dir='ltr'>vites.</span> <span class='ocrx_word' id='word_1_583' title='bbox 527 11611 621 11648; x_wconf 72' lang='lat' dir='ltr'>Praeterea</span> <span class='ocrx_word' id='word_1_584' title='bbox 641 11604 718 11647; x_wconf 82' lang='lat' dir='ltr'>lethalis</span> <span class='ocrx_word' id='word_1_585' title='bbox 733 11606 762 11648; x_wconf 82' lang='lat' dir='ltr'>est</span> <span class='ocrx_word' id='word_1_586' title='bbox 803 11604 1255 11665; x_wconf 75' lang='lat' dir='ltr'>riteausa,extinguitpartesprincipes,&amp;re›</span> 
     </span>
     <span class='ocr_line' id='line_1_75' title="bbox 307 11656 1254 11724; baseline 0.011 -26"><span class='ocrx_word' id='word_1_587' title='bbox 307 11656 394 11715; x_wconf 80' lang='lat' dir='ltr'>syncope</span> <span class='ocrx_word' id='word_1_588' title='bbox 415 11667 534 11714; x_wconf 82' lang='lat' dir='ltr'>proveniens</span> <span class='ocrx_word' id='word_1_589' title='bbox 555 11662 566 11704; x_wconf 72' lang='grc' dir='ltr'>ὲ</span> <span class='ocrx_word' id='word_1_590' title='bbox 586 11677 645 11717; x_wconf 90' lang='lat' dir='ltr'>prava</span> <span class='ocrx_word' id='word_1_591' title='bbox 665 11660 762 11719; x_wconf 64' lang='lat' dir='ltr'>sanguinii·</span> <span class='ocrx_word' id='word_1_592' title='bbox 792 11667 1090 11721; x_wconf 68' lang='lat' dir='ltr'>&#39;primir,&amp;mortisrcpentinae</span> <span class='ocrx_word' id='word_1_593' title='bbox 1101 11664 1254 11724; x_wconf 76' lang='lat' dir='ltr'>sircausa,prae·</span> 
     </span>
     <span class='ocr_line' id='line_1_76' title="bbox 307 11718 1255 11779; baseline 0.011 -23"><span class='ocrx_word' id='word_1_594' title='bbox 307 11718 427 11772; x_wconf 85' lang='lat' dir='ltr'>corruptela,</span> <span class='ocrx_word' id='word_1_595' title='bbox 437 11736 457 11760; x_wconf 92' lang='lat' dir='ltr'>ut</span> <span class='ocrx_word' id='word_1_596' title='bbox 467 11724 486 11760; x_wconf 87' lang='lat' dir='ltr'>iu</span> <span class='ocrx_word' id='word_1_597' title='bbox 499 11721 551 11776; x_wconf 82' lang='lat' dir='ltr'>peste</span> <span class='ocrx_word' id='word_1_598' title='bbox 559 11753 565 11769; x_wconf 89' lang='lat'>‚</span> <span class='ocrx_word' id='word_1_599' title='bbox 573 11727 593 11763; x_wconf 83' lang='lat'>&amp;</span> <span class='ocrx_word' id='word_1_600' title='bbox 601 11725 761 11776; x_wconf 78' lang='lat' dir='ltr'>venenatisqua.</span> <span class='ocrx_word' id='word_1_601' title='bbox 802 11722 916 11765; x_wconf 74' lang='lat' dir='ltr'>cedentibus</span> <span class='ocrx_word' id='word_1_602' title='bbox 929 11723 1037 11779; x_wconf 82' lang='lat' dir='ltr'>spontaneis</span> <span class='ocrx_word' id='word_1_603' title='bbox 1049 11723 1197 11770; x_wconf 68' lang='lat' dir='ltr'>unitatibus,</span> <span class='ocrx_word' id='word_1_604' title='bbox 1205 11733 1225 11769; x_wconf 67' lang='grc' dir='ltr'>ὅς</span> <span class='ocrx_word' id='word_1_605' title='bbox 1234 11740 1255 11766; x_wconf 86' lang='lat' dir='ltr'>nt</span> 
     </span>
     <span class='ocr_line' id='line_1_77' title="bbox 305 11773 1254 11840; baseline 0.002 -20"><span class='ocrx_word' id='word_1_606' title='bbox 305 11773 392 11820; x_wconf 68' lang='lat' dir='ltr'>strettun,</span> <span class='ocrx_word' id='word_1_607' title='bbox 405 11783 558 11820; x_wconf 83' lang='lat' dir='ltr'>communicatis.</span> <span class='ocrx_word' id='word_1_608' title='bbox 580 11782 610 11820; x_wconf 83' lang='lat' dir='ltr'>Sic</span> <span class='ocrx_word' id='word_1_609' title='bbox 627 11783 651 11828; x_wconf 89' lang='lat' dir='ltr'>in</span> <span class='ocrx_word' id='word_1_610' title='bbox 664 11780 711 11819; x_wconf 88' lang='lat' dir='ltr'>chili</span> <span class='ocrx_word' id='word_1_611' title='bbox 724 11794 760 11821; x_wconf 82' lang='lat' dir='ltr'>ue·</span> <span class='ocrx_word' id='word_1_612' title='bbox 802 11780 887 11820; x_wconf 78' lang='lat' dir='ltr'>diximus</span> <span class='ocrx_word' id='word_1_613' title='bbox 903 11797 959 11823; x_wconf 75' lang='lat' dir='ltr'>tonso</span> <span class='ocrx_word' id='word_1_614' title='bbox 974 11783 1057 11837; x_wconf 90' lang='lat' dir='ltr'>ptimo,</span> <span class='ocrx_word' id='word_1_615' title='bbox 1072 11781 1100 11821; x_wconf 81' lang='lat' dir='ltr'>est</span> <span class='ocrx_word' id='word_1_616' title='bbox 1114 11782 1196 11836; x_wconf 74' lang='lat' dir='ltr'>quando</span> <span class='ocrx_word' id='word_1_617' title='bbox 1213 11783 1254 11840; x_wconf 88' lang='lat' dir='ltr'>plus</span> 
     </span>
     <span class='ocr_line' id='line_1_78' title="bbox 305 11830 1256 11894; baseline 0.009 -22"><span class='ocrx_word' id='word_1_618' title='bbox 305 11830 359 11873; x_wconf 63' lang='lat' dir='ltr'>sessu</span> <span class='ocrx_word' id='word_1_619' title='bbox 367 11847 411 11876; x_wconf 71' lang='lat' dir='ltr'>‚ant</span> <span class='ocrx_word' id='word_1_620' title='bbox 420 11831 570 11889; x_wconf 63' lang='lat' dir='ltr'>depravatione,</span> <span class='ocrx_word' id='word_1_621' title='bbox 582 11837 614 11877; x_wconf 91' lang='lat' dir='ltr'>vel</span> <span class='ocrx_word' id='word_1_622' title='bbox 624 11837 673 11888; x_wconf 82' lang='lat' dir='ltr'>a&#39;e&#39;ris</span> <span class='ocrx_word' id='word_1_623' title='bbox 682 11837 761 11880; x_wconf 70' lang='lat' dir='ltr'>desetlu</span> <span class='ocrx_word' id='word_1_624' title='bbox 801 11834 900 11892; x_wconf 76' lang='lat' dir='ltr'>sanguinis</span> <span class='ocrx_word' id='word_1_625' title='bbox 914 11840 943 11883; x_wconf 76' lang='lat' dir='ltr'>ese</span> <span class='ocrx_word' id='word_1_626' title='bbox 956 11871 962 11887; x_wconf 89' lang='lat'>,</span> <span class='ocrx_word' id='word_1_627' title='bbox 977 11837 1039 11891; x_wconf 65' lang='lat' dir='ltr'>quiin</span> <span class='ocrx_word' id='word_1_628' title='bbox 1053 11843 1101 11880; x_wconf 84' lang='lat' dir='ltr'>vires</span> <span class='ocrx_word' id='word_1_629' title='bbox 1116 11838 1186 11894; x_wconf 77' lang='lat' dir='ltr'>possint</span> <span class='ocrx_word' id='word_1_630' title='bbox 1197 11840 1256 11887; x_wconf 81' lang='lat' dir='ltr'>serre,</span> 
     </span>
     <span class='ocr_line' id='line_1_79' title="bbox 305 11887 1257 11951; baseline 0.013 -22"><span class='ocrx_word' id='word_1_631' title='bbox 305 11903 343 11943; x_wconf 90' lang='lat' dir='ltr'>pro</span> <span class='ocrx_word' id='word_1_632' title='bbox 354 11887 451 11945; x_wconf 73' lang='lat' dir='ltr'>spiritibus</span> <span class='ocrx_word' id='word_1_633' title='bbox 465 11894 552 11935; x_wconf 66' lang='lat' dir='ltr'>virtuibus</span> <span class='ocrx_word' id='word_1_634' title='bbox 562 11896 681 11950; x_wconf 83' lang='lat' dir='ltr'>generandis</span> <span class='ocrx_word' id='word_1_635' title='bbox 692 11925 697 11943; x_wconf 88' lang='lat'>,</span> <span class='ocrx_word' id='word_1_636' title='bbox 712 11901 761 11949; x_wconf 78' lang='lat' dir='ltr'>quia</span> <span class='ocrx_word' id='word_1_637' title='bbox 802 11898 821 11935; x_wconf 83' lang='lat'>&amp;</span> <span class='ocrx_word' id='word_1_638' title='bbox 831 11897 939 11951; x_wconf 73' lang='lat' dir='ltr'>perficere,</span> <span class='ocrx_word' id='word_1_639' title='bbox 951 11913 972 11938; x_wconf 85' lang='lat' dir='ltr'>ut</span> <span class='ocrx_word' id='word_1_640' title='bbox 984 11899 1089 11938; x_wconf 81' lang='lat' dir='ltr'>deducitur</span> <span class='ocrx_word' id='word_1_641' title='bbox 1098 11911 1123 11936; x_wconf 82' lang='lat' dir='ltr'>ex</span> <span class='ocrx_word' id='word_1_642' title='bbox 1134 11897 1213 11940; x_wconf 77' lang='lat' dir='ltr'>Caleno</span> <span class='ocrx_word' id='word_1_643' title='bbox 1223 11898 1257 11940; x_wconf 67' lang='lat' dir='ltr'>ab.</span> 
     </span>
     <span class='ocr_line' id='line_1_80' title="bbox 302 11950 1255 12009; baseline 0.009 -21"><span class='ocrx_word' id='word_1_644' title='bbox 302 11950 456 12004; x_wconf 64' lang='lat' dir='ltr'>,intercipiuntur</span> <span class='ocrx_word' id='word_1_645' title='bbox 465 11954 499 11990; x_wconf 79' lang='lat' dir='ltr'>viae</span> <span class='ocrx_word' id='word_1_646' title='bbox 511 11982 516 11999; x_wconf 81' lang='lat'>,</span> <span class='ocrx_word' id='word_1_647' title='bbox 526 11969 547 11992; x_wconf 87' lang='lat' dir='ltr'>ut</span> <span class='ocrx_word' id='word_1_648' title='bbox 559 11956 578 11993; x_wconf 92' lang='lat' dir='ltr'>iii</span> <span class='ocrx_word' id='word_1_649' title='bbox 588 11955 674 12007; x_wconf 80' lang='lat' dir='ltr'>angina,</span> <span class='ocrx_word' id='word_1_650' title='bbox 683 11954 761 12009; x_wconf 83' lang='lat' dir='ltr'>pulmo·</span> <span class='ocrx_word' id='word_1_651' title='bbox 800 11955 821 11992; x_wconf 78' lang='lat' dir='ltr'>de</span> <span class='ocrx_word' id='word_1_652' title='bbox 833 11957 957 12007; x_wconf 69' lang='lat' dir='ltr'>plenitudine,</span> <span class='ocrx_word' id='word_1_653' title='bbox 968 11956 999 11996; x_wconf 76' lang='lat' dir='ltr'>lib·</span> <span class='ocrx_word' id='word_1_654' title='bbox 1012 11971 1041 11995; x_wconf 81' lang='lat' dir='ltr'>ie.</span> <span class='ocrx_word' id='word_1_655' title='bbox 1050 11954 1127 11994; x_wconf 64' lang='lat' dir='ltr'>methodi</span> <span class='ocrx_word' id='word_1_656' title='bbox 1136 11986 1140 11999; x_wconf 87' lang='lat'>,</span> <span class='ocrx_word' id='word_1_657' title='bbox 1150 11957 1180 11996; x_wconf 79' lang='lat' dir='ltr'>lib.</span> <span class='ocrx_word' id='word_1_658' title='bbox 1190 11959 1255 11997; x_wconf 74' lang='lat' dir='ltr'>adver·</span> 
     </span>
     <span class='ocr_line' id='line_1_81' title="bbox 291 12008 1256 12057; baseline 0.013 -13"><span class='ocrx_word' id='word_1_659' title='bbox 291 12052 294 12054; x_wconf 24' lang='lat'>¹</span> <span class='ocrx_word' id='word_1_660' title='bbox 305 12019 355 12046; x_wconf 86' lang='lat' dir='ltr'>num</span> <span class='ocrx_word' id='word_1_661' title='bbox 368 12021 447 12048; x_wconf 78' lang='lat' dir='ltr'>tumore</span> <span class='ocrx_word' id='word_1_662' title='bbox 458 12037 463 12053; x_wconf 94' lang='lat'>,</span> <span class='ocrx_word' id='word_1_663' title='bbox 474 12008 610 12056; x_wconf 78' lang='lat' dir='ltr'>obturatione,</span> <span class='ocrx_word' id='word_1_664' title='bbox 622 12011 760 12054; x_wconf 60' lang='lat' dir='ltr'>obstrusiiorie</span> <span class='ocrx_word' id='word_1_665' title='bbox 799 12010 827 12051; x_wconf 68' lang='lat' dir='ltr'>slis</span> <span class='ocrx_word' id='word_1_666' title='bbox 835 12019 937 12056; x_wconf 69' lang='lat' dir='ltr'>luliarum,</span> <span class='ocrx_word' id='word_1_667' title='bbox 949 12010 1109 12055; x_wconf 76' lang='lat' dir='ltr'>cuisubscribunt</span> <span class='ocrx_word' id='word_1_668' title='bbox 1118 12014 1189 12057; x_wconf 81' lang='lat' dir='ltr'>Paulus</span> <span class='ocrx_word' id='word_1_669' title='bbox 1199 12016 1230 12057; x_wconf 73' lang='lat' dir='ltr'>irs.</span> <span class='ocrx_word' id='word_1_670' title='bbox 1238 12020 1256 12057; x_wconf 76' lang='lat'>6·</span> 
     </span>
     <span class='ocr_line' id='line_1_82' title="bbox 303 12063 1256 12131; baseline 0.004 -25"><span class='ocrx_word' id='word_1_671' title='bbox 303 12064 325 12106; x_wconf 84' lang='lat' dir='ltr'>iu</span> <span class='ocrx_word' id='word_1_672' title='bbox 335 12063 452 12119; x_wconf 67' lang='lat' dir='ltr'>pulmonum</span> <span class='ocrx_word' id='word_1_673' title='bbox 463 12067 498 12106; x_wconf 83' lang='lat' dir='ltr'>viis</span> <span class='ocrx_word' id='word_1_674' title='bbox 509 12096 514 12115; x_wconf 87' lang='lat'><em>‚</em></span> <span class='ocrx_word' id='word_1_675' title='bbox 524 12067 554 12117; x_wconf 85' lang='lat' dir='ltr'>vei</span> <span class='ocrx_word' id='word_1_676' title='bbox 567 12070 586 12109; x_wconf 85' lang='lat' dir='ltr'>in</span> <span class='ocrx_word' id='word_1_677' title='bbox 599 12072 667 12117; x_wconf 77' lang='lat' dir='ltr'>corde,</span> <span class='ocrx_word' id='word_1_678' title='bbox 675 12068 758 12120; x_wconf 58' lang='lat' dir='ltr'>suffueri-</span> <span class='ocrx_word' id='word_1_679' title='bbox 799 12084 838 12125; x_wconf 77' lang='lat' dir='ltr'>cap.</span> <span class='ocrx_word' id='word_1_680' title='bbox 847 12088 881 12124; x_wconf 69' lang='lat'>40.</span> <span class='ocrx_word' id='word_1_681' title='bbox 895 12073 963 12113; x_wconf 70' lang='lat' dir='ltr'>Aetius</span> <span class='ocrx_word' id='word_1_682' title='bbox 982 12085 996 12107; x_wconf 84' lang='lat' dir='ltr'>i.</span> <span class='ocrx_word' id='word_1_683' title='bbox 1005 12083 1055 12125; x_wconf 79' lang='lat' dir='ltr'>part.</span> <span class='ocrx_word' id='word_1_684' title='bbox 1067 12072 1154 12124; x_wconf 65' lang='lat' dir='ltr'>sermio.</span> <span class='ocrx_word' id='word_1_685' title='bbox 1167 12078 1256 12131; x_wconf 65' lang='lat' dir='ltr'>cupisti.</span> 
     </span>
    </p>
   </div>
   <div class='ocr_carea' id='block_1_9' title="bbox 0 0 3753 12964">
    <p class='ocr_par' dir='ltr' id='par_1_11' title="bbox 0 0 3753 12964">
     <span class='ocr_line' id='line_1_83' title="bbox 0 0 3753 12964; baseline 0 0"><span class='ocrx_word' id='word_1_686' title='bbox 0 0 3753 12964; x_wconf 95' lang='lat' dir='ltr'> </span> 
     </span>
    </p>
   </div>
  </div>
 </body>
</html>
