7350 12967
309 8602 535 8689 SeseVDe
548 8570 681 8690 Morte
693 8602 1058 8718 repentResXXV.
1087 8625 1179 8712 117.
1199 8647 1203 8653 ·

223 8737 270 8776 odio
282 8730 410 8789 prosequatur
425 8732 494 8788 lupum
502 8761 508 8780 ,
515 8732 581 8789 pullus
589 8735 677 8784 milvum,
687 8746 705 8786 Α
718 8739 782 8779 oblata
792 8740 812 8780 in
825 8737 890 8778 cordis
899 8749 1005 8777 tremorem
1015 8766 1022 8785 ,
1033 8740 1053 8776 δι
1064 8735 1173 8792 syncopem

224 8793 268 8833 felis
279 8803 358 8834 mures,
374 8790 456 8831 ideneus
474 8792 619 8841 crocodillum,
634 8797 677 8835 vol·
718 8798 819 8839 incideret.
838 8800 924 8835 Amatus
940 8804 986 8832 cent-
1001 8810 1017 8834 a·
1030 8807 1085 8832 curu.
1099 8801 1130 8843 36.
1144 8794 1173 8836 de

224 8863 258 8905 pes
267 8847 356 8901 gallinam
364 8878 370 8894 ,
378 8853 433 8888 canis
441 8848 529 8904 leporem
541 8869 545 8891 :
561 8856 617 8903 quod
626 8852 678 8893 bras·
718 8856 817 8895 monacho
832 8854 965 8895 Dominicano
977 8863 1056 8897 narrat,
1070 8853 1096 8889 ita
1109 8863 1173 8905 prope

225 8906 275 8950 rica,
287 8908 307 8942 o:
321 8905 379 8945 rurba
396 8919 439 8945 non
456 8910 553 8962 patiantur
567 8908 622 8948 simul
635 8907 677 8949 scri:
719 8925 801 8953 mortem
821 8912 926 8966 pervenire
944 8905 1022 8947 solitum
1041 8918 1067 8945 ex
1086 8905 1172 8947 rosatum

224 8964 281 9016 quod
291 8960 416 9015 colocynthis
433 8964 536 9004 interficiat
549 8965 619 9005 vicinas
633 8967 677 9005 ber-
720 8971 793 9016 odore,
802 8983 824 9008 ut
835 8980 923 9022 tempore
935 8964 1012 9007 illarum
1022 8974 1128 9019 cogeretur
1140 8966 1174 9003 in-

224 9022 268 9067 bas,
281 9019 357 9057 adamas
369 9019 481 9059 adversetur
492 9024 590 9074 magneti,
599 9022 678 9062 hict'er-
720 9039 748 9066 tra
762 9026 830 9064 cellam
838 9037 923 9064 manere.
1228 9012 1233 9024 ¹

225 9091 269 9117 rum
282 9080 366 9116 attrabat
379 9106 384 9122 ,
399 9076 496 9136 electrum
516 9076 582 9131 paleas
598 9108 605 9124 ,
623 9086 678 9133 lepus
749 9082 846 9121 Probatur
858 9079 960 9121 secundis:
975 9077 1174 9134 Sympathiaimn·

226 9136 314 9188 marinus
327 9133 382 9173 ledat
395 9132 457 9174 lolitrn
469 9132 583 9187 pulmones,
595 9139 678 9176 cantari-
721 9138 801 9192 tipathia
811 9140 832 9176 in
845 9139 971 9180 hominibus,
988 9135 1031 9177 sunt
1043 9136 1126 9192 quidam
1136 9148 1173 9175 oc·

226 9192 259 9233 des
267 9190 316 9229 solos
324 9203 391 9236 renes,
399 9189 456 9229 nobis
464 9191 540 9230 occulta
550 9193 575 9230 vi.
717 9194 766 9235 culti
773 9191 855 9236 assensus
864 9199 905 9243 ,'&
916 9191 1007 9234 dissensus
1019 9191 1097 9248 sequuti
1103 9204 1129 9232 cx
1138 9205 1174 9246 po·
1214 9234 1218 9239 ,

255 9250 294 9288 Sed
308 9244 407 9300 precipui:
416 9247 437 9285 in
449 9247 575 9295 bominibus,
587 9247 632 9288 ciam
644 9261 679 9286 va·
718 9254 783 9292 tentiis
791 9254 871 9293 internis
879 9248 1027 9304 cognoscitivis,
1038 9247 1173 9305 iuxtaspecics

226 9308 261 9346 rias
278 9304 363 9343 habeant
378 9306 464 9344 internas
483 9301 627 9358 cognosciturus
644 9318 679 9357 po·
719 9321 783 9349 rerum
797 9309 916 9349 modificatas
931 9305 1173 9361 per-individualesquas·

227 9362 296 9403 tentias
308 9390 314 9407 ,
326 9374 351 9398 eit
365 9360 398 9400 illis
414 9392 419 9408 ‚
441 9376 461 9400 ut
477 9376 530 9401 tenet
543 9359 679 9408 fiscamnus,
720 9365 918 9420 (improprietates,
932 9364 957 9403 ad
965 9377 1014 9417 quas
1025 9360 1131 9417 sequuntur
1138 9380 1174 9406 ve.

227 9422 275 9458 varii
289 9421 407 9473 proveniunt
425 9414 507 9457 effeti-us
521 9417 617 9457 mirabiles
629 9444 634 9462 s
646 9422 681 9471 qui
721 9422 823 9462 hemerites
839 9425 890 9462 auus
902 9423 999 9476 appetitus
1015 9417 1126 9466 irascibilis,
1139 9436 1174 9463 aut

227 9479 248 9515 in
262 9473 393 9531 sympathiam
407 9504 413 9520 ,
431 9481 451 9516 δε
465 9476 594 9530 antipathiam
605 9473 680 9515 debent
694 9465 710 9502 Β
721 9477 888 9534 concupiscibilis,
900 9492 920 9519 ut
931 9489 984 9531 patet
992 9478 1011 9515 in
1025 9478 1096 9530 gaudio
1104 9491 1129 9518 ex
1139 9481 1172 9521 ita:

228 9534 296 9572 reduci
312 9561 318 9576 ,
333 9531 344 9572 i
359 9532 432 9586 quibus
446 9535 501 9572 variat
514 9562 519 9578 ,
534 9535 554 9571 bl
571 9528 681 9586 periculosa:
721 9529 754 9575 scd
768 9549 793 9575 cx
808 9538 829 9575 iis
840 9531 963 9588 subsequitur
976 9530 1025 9587 saepe
1040 9547 1089 9572 mors
1102 9548 1174 9588 repen-

228 9588 372 9644 sobsequuntur
380 9590 547 9649 perturbationes,
559 9602 639 9643 quasex
648 9602 680 9628 va·
722 9594 762 9631 tina
779 9612 784 9632 :
806 9594 859 9646 Ergo
870 9591 924 9632 simili
933 9591 995 9630 modo
1007 9588 1070 9645 potest
1083 9588 1174 9647 subsequi

228 9649 380 9687 riishuthorutn
390 9647 558 9687 observationibus
566 9644 680 9685 desumunt:
723 9661 748 9689 cx
761 9652 782 9689 iis
794 9646 937 9690 affectionibus.

229 9703 303 9759 aliquas
314 9705 417 9745 confirmat
427 9705 534 9744 Schenltius
544 9731 549 9748 ,
560 9706 581 9742 ὃ(
593 9702 682 9743 Marcel-

219 9760 258 9803 vlus
270 9763 369 9801 Donatus.
390 9758 432 9800 Alii
444 9763 496 9800 enim
509 9775 534 9799 ex
547 9759 587 9799 solo
596 9758 681 9813 aspeclu,

230 9832 262 9858 aut
269 9832 354 9857 odoratu
362 9814 450 9856 rosarum
458 9821 524 9856 attinio
534 9817 628 9869 linquunt
637 9835 641 9855 ;
653 9816 683 9854 alii

231 9873 242 9914 al
259 9873 338 9929 piscium
350 9873 382 9914 esu
400 9875 523 9914 concitantur
542 9875 562 9913 in
580 9875 683 9920 vomitum,

231 9946 266 9972 aut
276 9935 347 9974 ventris
360 9930 521 9972 conturbationes
533 9962 538 9978 ,
554 9935 574 9969 δί
585 9934 609 9969 ad
621 9930 684 9969 cordis

232 9985 343 10043 pressuras:
363 9988 394 10028 alii
404 10002 429 10027 ex
444 9987 478 10028 esu
490 9991 578 10028 carnium
594 9988 684 10027 incidunt

232 10048 252 10085 in
266 10044 388 10102 syncopem:
407 10044 441 10084 alii
454 10059 478 10085 ea·
491 10044 613 10092 ovis‚aliiex
623 10043 685 10084 ruthae

751 9709 804 9748 Patet
813 9709 871 9747 etiam
882 9719 908 9746 ex
918 9705 972 9747 variis
981 9702 1104 9745 Aurhoribus
1113 9705 1134 9744 in
1143 9705 1177 9745 ha-

723 9776 765 9802 rum
779 9761 906 9805 affectionum
919 9761 1100 9810 confirmationem,
1114 9759 1177 9815 qusm

724 9822 781 9859 varia
793 9825 917 9875 proprietates
924 9819 959 9859 sint
969 9816 1075 9858 observata:
1084 9821 1103 9859 in
1112 9820 1176 9860 diver-

723 9875 746 9914 sis
757 9878 870 9918 hominibus
878 9876 1020 9922 individuales,
1033 9874 1125 9930 specifica
1132 9905 1137 9921 ,
1143 9891 1178 9917 aue

723 9934 871 9974 individutntcs
881 9964 886 9980 ‚
897 9947 930 9988 per
942 9947 989 9986 quas
999 9931 1104 9972 montricati
1112 9936 1178 9981 varios,

726 9993 746 10028 ἃ
762 9991 871 10031 indicibiles
882 9989 924 10045 puli
938 9988 982 10029 sunt
993 9986 1074 10028 effuant
1086 10019 1091 10033 ,
1104 9988 1179 10031 &affc-

725 10050 770 10087 stus.
791 10046 888 10088 Referunt
901 10060 961 10085 anum
971 10047 1056 10085 Atticam
1065 10059 1143 10085 veneno
1150 10049 1179 10087 ci-

232 10104 310 10143 odore:
325 10105 357 10144 alii
368 10117 393 10143 ex
408 10100 539 10149 hericisvisu,
550 10098 685 10148 atttselis‚aut
699 10101 776 10144 Ceutae
794 10118 895 10159 nunquam
911 10101 992 10156 potuisse
1009 10103 1067 10148 laedi,
1088 10107 1109 10143 &
1126 10102 1180 10157 qnod

233 10163 311 10202 mutis:
331 10161 362 10201 alii
374 10172 400 10199 cx
414 10174 461 10214 potu
478 10162 518 10198 vini
532 10178 537 10199 :
555 10158 586 10199 aiii
602 10172 641 10198 non
655 10157 686 10197 lae·

234 10218 309 10257 duntur
319 10217 330 10260 ὲ
342 10216 463 10272 serpentibus
477 10235 481 10255 :
496 10216 526 10255 alii
539 10215 648 10255 abhorrent
656 10213 686 10255 so-

234 10274 256 10313 lis
264 10275 326 10315 radios
336 10295 340 10317 ;
354 10273 378 10314 sic
388 10278 408 10314 b:
419 10272 452 10315 alii
460 10273 502 10312 aliis
510 10276 638 10313 immutantur
646 10285 687 10312 nio-

235 10330 265 10369 dis
281 10331 332 10372 ultra
344 10344 480 10372 communem
498 10331 603 10369 homiuum
624 10327 686 10369 ustam.

234 10387 354 10429 Dubitatnus
365 10402 391 10427 an
406 10401 431 10426 eit
446 10389 467 10426 iis
485 10388 566 10427 occultis
584 10382 688 10425 affectibus

235 10443 291 10498 possit
302 10443 392 10499 subsequi
403 10458 456 10484 mors
464 10446 572 10497 repetitura.

431 10523 501 10598 §.it

236 10633 321 10678 Advenit
335 10639 462 10695 symma,
480 10638 503 10684 ά
514 10637 690 10691 antrpathia‚qaod

272 10699 350 10738 valeant
369 10699 473 10754 quandoque
494 10689 568 10754 ηψπ
584 10709 655 10735 mortem

412 10759 528 10809 repentium.

291 10840 439 10893 Hortensium,
453 10843 508 10900 qnod
519 10857 544 10882 ex
557 10844 692 10882 commotione

293 10902 416 10946 humorum,
430 10909 450 10945 δε
463 10900 565 10958 spirituum
578 10901 630 10952 inpiis
641 10896 692 10940 affe-

238 10958 334 10998 t‘tionibus
346 10956 410 11012 potest
421 10957 518 11014 syncope,
531 10963 551 10999 &
562 10970 613 10997 mors
622 10970 692 11011 tepen-

238 11017 279 11056 tina
288 11017 409 11070 quandoque
415 11014 545 11070 supervenire

268 11074 361 11113 Probatur
378 11072 442 11127 primis
457 11086 482 11113 ex
502 11071 558 11112 variis
577 11071 692 11112 Autborum

238 11127 410 11171 observationibus.
422 11129 525 11171 Marcellus
537 11131 629 11170 Donatus
640 11128 691 11168 liae.

238 11188 261 11225 tle
268 11186 307 11240 hist.
313 11189 386 11229 Mearm
397 11188 493 11231 Mirabili,
499 11199 555 11240 capy.
563 11183 631 11232 refert,
638 11187 695 11238 quod

240 11246 337 11285 Martinus
346 11246 460 11286 Cromerius
479 11245 533 11285 lists.
549 11243 570 11282 de
579 11241 628 11281 rebus
640 11243 673 11282 eol
684 11267 694 11274 -

240 11316 299 11348 nura,
314 11316 377 11343 narrat
392 11305 520 11343 Laurentium
535 11298 693 11342 Butastilaucen·

240 11357 314 11399 tensem
326 11358 446 11414 Episcopum
454 11375 528 11401 tantam
540 11372 587 11398 curn
599 11357 644 11396 rosis
658 11357 693 11396 ha-

563 11412 570 11422 fl

242 11414 303 11456 builse
314 11417 461 11470 antipathiam,
480 11433 503 11457 ut
519 11430 544 11456 eit
559 11414 601 11454 tolo
616 11413 694 11454 illarum

729 10161 868 10215 Athenagoras
878 10165 964 10215 Argivus
978 10173 1019 10199 non
1034 10158 1140 10201 laedebatur
1149 10174 1181 10200 ve-

727 10232 780 10258 neno
788 10233 906 10259 araneorum
915 10247 920 10263 ,
929 10232 966 10258 nec
974 10215 1104 10271 scorpionum·
1122 10213 1182 10271 Psylli

728 10289 769 10314 non
780 10275 900 10318 laedebantur
907 10276 931 10316 ab
942 10271 1085 10328 scorpionibus,
1100 10287 1137 10313 nec
1145 10273 1183 10315 ser.

727 10333 825 10386 pentibus.
847 10335 949 10388 AEtbiopes
960 10331 1044 10385 scorpios
1055 10338 1075 10373 ἃ
1084 10329 1181 10386 serpentes

727 10390 864 10432 comedebant.
877 10389 1064 10442 aibertus-Magnus
1075 10401 1141 10429 nartat
1151 10402 1183 10428 vc-

728 10447 788 10486 tulum
800 10451 872 10488 araneis
886 10445 940 10488 fuisse
955 10446 1088 10485 connutritam
1102 10464 1106 10485 :
1123 10448 1143 10484 bl
1157 10446 1183 10485 tle

728 10504 804 10543 duobus
821 10503 881 10546 refert
897 10506 961 10559 pueris
977 10531 982 10547 ,
1003 10502 1058 10555 quod
1075 10504 1095 10542 in
1114 10515 1182 10542 eorum

729 10559 810 10600 transitu
829 10562 965 10616 aperiebantur
981 10556 1072 10598 fenestra.
1094 10559 1182 10614 Pyrrhus

730 10617 781 10656 tatiu
799 10618 863 10659 dexrri
882 10619 935 10674 petiis
957 10613 1073 10670 spleneticos
1091 10615 1183 10656 curabat:

730 10674 756 10714 de
766 10674 802 10713 alio
815 10673 899 10716 refertur
908 10674 933 10714 sic
942 10669 1012 10713 sanasse
1025 10671 1089 10711 febres
1102 10691 1106 10712 :
1123 10672 1147 10712 de
1155 10674 1184 10713 di·

731 10731 788 10771 vcrsrs
801 10732 885 10788 Europa
897 10730 985 10784 Regibus
1001 10727 1061 10770 fertur
1071 10729 1122 10769 racio
1137 10730 1183 10770 alios

701 10784 794 10831 Dsolitos
806 10803 876 10831 curare
888 10789 981 10830 morbos:
996 10786 1021 10826 fic
1030 10792 1049 10829 &
1059 10785 1103 10827 alias
1118 10785 1183 10841 plures

732 10845 821 10887 referunt
830 10847 934 10888 Marcellus
943 10846 1045 10889 Donatus,
1055 10847 1074 10883 ἃ
1083 10846 1138 10885 Pater
1144 10844 1183 10884 Eu·

732 10900 794 10944 sebius
803 10907 944 10959 proprietates,
954 10914 998 10956 qua:
1009 10900 1127 10940 confirmant
1134 10897 1185 10954 sym-

733 10962 817 11015 paticas,
826 10965 847 11001 &t
854 10962 965 11017 antipaticas
972 10955 1085 10998 affectiones
1092 10986 1097 11003 ,
1104 10958 1130 10998 dc
1141 10960 1185 11012 qui-

731 11019 767 11062 bus
778 11014 877 11060 asserimus
891 11016 981 11072 possibiles
994 11011 1047 11061 effe,
1062 11013 1110 11055 sicut
1123 11018 1143 11054 δί
1157 11027 1183 11055 eit

733 11076 768 11117 illis
786 11071 839 11129 posse
855 11072 942 11129 subsequi
959 11071 1080 11114 alterationes
1096 11071 1108 11115 al
1124 11071 1183 11112 nobis

735 11133 819 11174 traditas.

736 11227 1183 11248 ‚wm-

803 11293 992 11341 utsotvtro
1024 11290 1128 11336 XXVI.

734 11397 814 11441 Utrum
831 11395 905 11457 ruptio
924 11385 1024 11437 vasorum
1040 11394 1062 11436 in
1083 11392 1185 11461 pestoteJ

240 11474 303 11514 odore
313 11471 377 11514 subito
388 11474 484 11514 extinctus
493 11474 558 11515 fuerit.
574 11472 693 11516 Sthenius,
707 11477 722 11516 E
759 11482 796 11513 auc
808 11459 956 11518 abscessuum,
968 11458 1033 11526 polilt
1045 11458 1086 11508 esse
1099 11459 1163 11510 causa

243 11535 264 11571 be
276 11545 302 11571 ex
312 11530 345 11572 illo
351 11530 438 11584 Tyrillus
451 11529 596 11586 superaddunt,
605 11530 660 11584 quod
667 11531 696 11568 vir

243 11591 324 11643 quidam
330 11593 356 11630 ita
363 11587 481 11629 abhorrebat
488 11587 574 11628 vetulam
582 11587 698 11633 deiormcm,

245 11661 267 11686 ut
285 11649 305 11688 in
319 11649 412 11688 conuiuio
428 11646 454 11686 ob
468 11645 523 11685 illam
541 11641 602 11684 visam
616 11641 698 11698 repente

239 11717 335 11745 mortuus
345 11703 409 11746 fuerit.
423 11705 499 11744 Paratus
512 11707 531 11741 ia
540 11702 667 11741 introductum
674 11700 699 11739 ad

243 11760 350 11817 chirurgiam
361 11794 367 11811 ,
380 11775 444 11803 narrat
453 11763 516 11801 virum
528 11757 617 11798 nobilem
628 11758 697 11800 Gallia

243 11820 296 11859 inter
304 11819 373 11875 epulas
384 11817 420 11860 sub
431 11821 515 11859 mentitis
526 11816 607 11869 dapibus
618 11815 698 11869 anguil-

244 11874 285 11914 lam
297 11880 438 11919 comedentem
448 11906 454 11923 ,
464 11890 523 11929 quam
530 11870 697 11913 aosorrebttsu-

856 11536 930 11579 mortis
945 11534 1070 11601 repentinae,

937 11645 955 11689 t.
977 11640 989 11678 t

752 11733 858 11785 proponitur
864 11733 911 11771 ratio
921 11727 1030 11777 dalaaadi,
1040 11730 1063 11777 (J
1069 11726 1184 11785 explicatur]

778 11814 868 11855 Luritnos
887 11808 1023 11867 proposuimus
1042 11815 1112 11853 modos
1126 11842 1132 11860 ,
1146 11816 1190 11867 “per

778 11884 828 11926 quos
843 11871 905 11922 geniti
923 11866 1002 11925 spiritus
1021 11872 1041 11910 in
1057 11870 1116 11910 corde
1131 11869 1164 11910 res
1173 11871 1192 11911 l-

245 11928 290 11972 bird
295 11938 406 11976 exanimem
415 11935 488 11977 facium
495 11967 501 11983 ‚
509 11933 628 11975 Guaincrius
639 11930 670 11970 lib.
677 11929 699 11969 le
739 11944 813 11970 vuntur
824 11947 829 11968 ι
840 11925 885 11969 sunt
897 11930 917 11967 δί
930 11926 986 11967 modi
996 11924 1041 11973 alii,
1053 11941 1086 11982 pet
1095 11940 1144 11981 quos
1149 11928 1192 11981 jam

246 11994 395 12047 venenis,cap.4.
407 12007 473 12035 narrat
480 11994 506 12034 de
512 11990 574 12037 se,ita
581 11984 701 12028 abhorruisse
741 11989 802 12042 geniti
812 11984 853 12025 fine
867 11981 986 12026 resolutione
997 11982 1092 12025 deficiunt
1104 11997 1139 12038 per
1153 11984 1194 12026 suf-

246 12046 323 12090 suillam
337 12063 436 12101 caruem,
452 12065 475 12094 ut
488 12065 514 12093 ex
532 12045 563 12089 ist
573 12045 623 12088 claui
637 12042 703 12087 sabitb
742 12043 876 12093 focationem,
884 12057 910 12086 eit
919 12056 960 12099 qua
974 12054 1027 12147 sporo
1038 12038 1159 12097 subsequitur
1165 12055 1195 12106 pe

1023 12115 1034 12151 3
1119 12111 1200 12155 Pcmm
